3214 5586
304 406 367 474 sos
638 362 642 373 ’
787 406 937 475 innox
958 406 1141 474 sonuit.

304 549 480 634 postulari,
504 562 536 615 et
556 554 594 616 de
614 549 733 614 ambitu
754 561 786 614 et
804 554 842 614 de
864 549 1036 614 sodaliciis.
1081 549 1190 633 Atque
1201 546 1320 613 factum
1334 548 1395 611 boc
1409 566 1508 612 revera
1522 571 1576 614 noa

302 665 474 724 numquam
494 666 581 722 esse,
605 658 731 710 veteres
746 645 921 728 scriptores
940 641 1110 709 momoriae
1131 644 1354 721 prodiderunt.
1394 642 1439 705 lta
1453 645 1575 707 Asconius

304 739 464 804 Pedianus
478 740 507 802 in
525 743 609 824 Arg.
625 761 677 804 or.
694 740 767 805 Mil.
782 761 816 822 p.
834 741 906 804 19⁰.
923 742 975 802 ed.
992 740 1101 822 Lugd.
1116 750 1196 820 etp.
1210 738 1284 801 tut.
1301 739 1350 819 [ρ.
1363 738 1402 799 lb
1414 750 1442 800 et
1452 760 1481 820 p.
1491 740 1576 802 stat.

303 832 402 915 Bait.]
445 834 604 898 Milonem
638 846 670 898 et
704 836 744 897 de
776 833 896 897 ambitu
924 845 955 897 et
983 835 1022 896 de
1051 830 1214 897 sodaliciis
1246 843 1278 895 et
1303 834 1342 894 dc
1373 830 1405 893 vi
1428 845 1577 894 accussaur

302 927 411 990 scribit
434 949 516 991 esse.
561 928 649 992 Idem
672 927 740 991 sine
763 928 860 992 dubio
875 929 928 993 M.
950 928 1122 992 Messallae
1144 924 1271 999 accidit,
1297 924 1352 1009 qui
1375 946 1441 988 cum
1460 947 1520 989 rens
1535 949 1577 988 an·

301 1020 388 1084 bitus
418 1033 501 1085 asset
525 1021 628 1086 iactus
656 1034 688 1086 et
711 1022 849 1104 turpiter
873 1021 1011 1084 iudicum
1045 1020 1207 1085 sententiis
1238 1022 1420 1094 absolutus,
1451 1022 1576 1103 postmodo

301 1115 374 1200 lege
401 1115 525 1180 Licinia
551 1120 588 1180 de
613 1117 772 1181 sodaliciis
796 1117 976 1198 postulatus
1006 1126 1065 1178 est.
1111 1116 1192 1179 Nam
1217 1112 1249 1177 io
1275 1115 1360 1178 bisne
1381 1134 1495 1178 sensum
1512 1114 1575 1177 nui·

302 1211 387 1294 festo
413 1211 598 1295 accipianda
622 1210 713 1275 Caeli
736 1213 835 1275 verba
854 1223 943 1286 sunt,
969 1209 1104 1295 quaein
1127 1208 1222 1290 epist.
1242 1212 1282 1272 ad
1296 1208 1479 1273 Ciceronem
1496 1209 1575 1288 scripta

302 1305 356 1382 (ad
382 1304 462 1369 Div.
490 1306 593 1370 vtlt.
616 1305 661 1384 2.)
689 1306 854 1388 leguntius
888 1304 982 1389 Quid
1002 1305 1091 1368 ulios
1109 1303 1241 1387 muna?
1272 1302 1474 1367 clamoribus
1492 1300 1590 1363 subu*

301 1396 480 1463 masonis
493 1400 623 1491 iudices
635 1399 896 1483 corripuensmts
917 1410 950 1462 et
965 1397 1205 1471 ostenderunt,
1221 1386 1323 1481 plane
1337 1420 1411 1462 esse
1424 1393 1575 1486 quodfern'
1589 1424 1590 1499 q

301 1508 371 1556 mon
385 1505 515 1576 posset.
555 1497 710 1578 Itaque
738 1493 920 1557 relictus
949 1496 1043 1577 lege
1064 1491 1237 1556 Licinia
1265 1493 1427 1557 maiore
1447 1512 1523 1555 esse
1536 1509 1590 1577 paq

302 1586 445 1652 riculo
466 1587 651 1651 uidetur.
696 1589 811 1671 Neque
840 1589 920 1650 enirn
949 1588 1088 1650 relictus
1117 1586 1169 1649 bic
1196 1596 1305 1668 potest
1332 1608 1402 1650 esse
1429 1586 1590 1659 absolutum

301 1701 368 1763 qno
391 1702 486 1745 seusu
512 1681 678 1745 Manutius
708 1681 910 1765 Kortiusque
936 1693 1140 1762 acceperunt.
1187 1681 1319 1743 Sensum
1345 1692 1432 1744 recte
1458 1666 1590 1760 perspexit}

302 1776 489 1852 Ernestius,
524 1776 578 1862 qui
604 1797 666 1858 pro
695 1777 771 1860 iege
799 1775 934 1842 Licinio
963 1775 1162 1841 scribendum
1191 1775 1263 1860 legi
1289 1774 1441 1839 Liciniae
1466 1769 1576 1856 idqucal

301 1869 441 1934 relictus
459 1869 664 1935 reiciendum
687 1870 824 1954 putarit.

387 1964 469 2028 Post
502 1985 557 2042 ea,
591 1986 672 2049 quae
706 1962 931 2048 exposuimus,
964 1964 1014 2028 vei
1045 1974 1161 2046 sponte
1193 1964 1415 2047 intellegetur,
1438 1966 1577 2031 'norrun

303 2057 484 2121 Munatium
508 2062 546 2121 de
568 2059 678 2143 Legg.
703 2060 802 2124 Rom.
825 2081 856 2122 c.
879 2058 933 2135 8⁰,
957 2058 1028 2143 lege
1051 2060 1090 2121 de
1113 2058 1273 2122 sodaliciis
1300 2058 1363 2121 lata
1387 2056 1523 2120 canutum
1537 2050 1590 2114 enti

302 2150 425 2227 dicere,
460 2146 502 2216 n'e
526 2152 604 2237 quia
633 2153 741 2217 coiret
770 2147 1005 2237 magistratus*
1019 2153 1232 2236 adipiscendi
1252 2174 1394 2229 caussa,
1425 2149 1590 2228 similiterqrt¹

302 2244 485 2309 Ernestium
516 2268 642 2321 errare,
656 2284 659 2293 ι
675 2246 729 2329 qui
752 2246 784 2310 in
809 2250 894 2331 Arg.
916 2268 967 2310 or.
992 2247 1181 2310 Plancianae
1208 2248 1286 2310 hacc
1308 2244 1486 2328 scripserit:
1515 2238 1590 2322 ,Qut

301 2339 357 2428 ille
379 2338 551 2424 ignominia
575 2353 743 2405 nonnosus
766 2340 931 2405 Plancium
954 2360 996 2404 ex
1021 2340 1093 2423 lege
1118 2339 1242 2404 Licinia
1265 2341 1306 2404 de
1329 2336 1510 2408 sodaliciis,
1527 2334 1576 2396 bt·

301 2432 496 2498 coitionibus
517 2436 558 2497 ad
578 2436 810 2517 corrumpenda
832 2434 945 2516 populi
967 2433 1120 2518 suffragia
1146 2430 1239 2497 luciis
1261 2437 1346 2514 (nam
1370 2453 1496 2519 quorum
1515 2442 1590 2508 opert.

301 2527 406 2590 tribus
420 2531 727 2611 corrumpebantur,
750 2530 876 2594 sodales
891 2541 922 2593 ct
934 2543 1115 2615 sequestres
1134 2530 1339 2604 icebantur,
1359 2529 1425 2592 rid.
1439 2547 1492 2610 pro
1505 2517 1575 2587 Cttlt
1589 2524 1590 2571 1

300 2641 331 2684 c.
357 2625 403 2700 i.)
425 2623 619 2699 scciissavit,
644 2624 731 2708 quod
751 2623 834 2687 inter
855 2624 990 2688 ambitus
1011 2624 1140 2688 crimina
1164 2623 1397 2709 graviswmum
1419 2620 1493 2686 est.¹'
1589 2650 1590 2707 3

387 2716 457 2780 Nisi
485 2718 572 2782 sorte
602 2720 696 2783 ambo
725 2718 757 2783 iu
786 2739 826 2782 eo
849 2731 967 2781 tantum
989 2730 1181 2801 peccarunt,
1216 2719 1304 2801 quod
1327 2719 1458 2781 verbum
1477 2702 1590 2789 conti}

301 2822 333 2874 et
353 2811 512 2875 coitionis
534 2811 617 2876 falso
638 2833 733 2876 sensu
757 2811 967 2895 instirparu'nt,
992 2814 1137 2897 idemque
1153 2812 1336 2878 coitionem
1355 2815 1441 2897 quod
1458 2792 1590 2875 sollaliffli

260 2974 265 2986 ¹
301 2905 484 2990 significare
506 2905 719 2971 crediderunt.
765 2906 862 2985 Quod
894 2906 967 2969 mihi
1000 2928 1041 2972 eo
1068 2907 1268 2990 probabilius
1290 2905 1435 2979 ridetur,
1467 2895 1573 2997 citarit⁴

301 2997 420 3062 aestiua
441 2998 472 3061 iu
496 2998 592 3063 Clau.
617 2998 688 3064 Cic.
710 2999 804 3063 etiarn
827 3000 890 3063 vim
911 3000 1046 3066 nominis
1068 3000 1226 3065 coitionis
1243 3021 1307 3064 nnn
1325 3011 1415 3064 recte
1429 2995 1590 3079 expostfflll

301 3094 433 3157 Monuit
450 3093 505 3156 ille
521 3092 582 3156 ibi:
607 3095 690 3166 ,Est
709 3093 791 3156 enim
813 3094 934 3170 coitio,
958 3117 1027 3158 cum
1047 3095 1191 3159 homines
1205 3106 1447 3179 congregantur
1461 3088 1502 3153 rei
1515 3080 1570 3147 mala

300 3185 536 3269 perficiundae,
560 3187 657 3250 veluti
679 3187 818 3252 tribuum
842 3192 1146 3270 corrumpendarum
1169 3188 1313 3252 canusa.”

387 3282 433 3344 At
455 3283 519 3344 boc
539 3302 602 3344 nou
626 3302 702 3345 vere
725 3283 855 3346 dictum.
900 3284 982 3346 Nam
1008 3286 1141 3346 verbum
1157 3281 1317 3346 coitionis
1332 3279 1477 3367 quotiens
1496 3277 1564 3337 ter

300 3374 386 3438 bitus
413 3375 477 3439 reis
504 3387 690 3458 usssrpatur,
726 3397 790 3441 non
818 3377 975 3462 significat
1001 3376 1135 3459 aliquam
1162 3375 1346 3440 societatem
1374 3370 1562 3463 monimus}

217 3516 224 3525 .
301 3469 463 3533 sodalibus
497 3469 549 3534 vel
582 3470 689 3551 operis
726 3472 958 3552 campestribus
990 3472 1030 3534 ad
1066 3472 1299 3552 corrumpenda
1334 3468 1446 3553 populi
1473 3462 1567 3537 stiliw

300 3561 430 3639 initam,
445 3586 553 3627 verum
568 3563 823 3628 coniunctionem
839 3564 996 3627 candidati
1007 3586 1077 3627 cum
1090 3565 1291 3646 conpetitore
1302 3584 1342 3628 co
1354 3560 1484 3630 consilio
1493 3557 1572 3621 isat*

300 3669 336 3721 ut
360 3657 745 3743 reliquos-conpetitores
772 3661 810 3723 de
833 3661 958 3724 bonore
988 3658 1131 3722 deiciant.
1177 3659 1214 3722 ld
1241 3659 1282 3721 ita
1306 3679 1394 3735 esse,
1429 3675 1488 3718 non
1510 3642 1571 3710 tol*

299 3764 442 3816 veterum
472 3752 664 3835 scriptorum
695 3753 778 3827 loci,
816 3752 846 3816 in
875 3753 991 3839 quibus
1016 3757 1150 3817 verbum
1175 3752 1247 3817 illut
1272 3765 1470 3835 usurpatum,
1504 3746 1572 3805 ΜΨ

299 3846 369 3929 ipsa
396 3848 506 3923 suani,
541 3868 622 3930 quae
650 3846 678 3909 ei
704 3849 830 3920 subest,
864 3846 913 3910 vis
935 3846 1067 3928 propria
1094 3850 1200 3911 docet.
1245 3848 1327 3911 Nam
1353 3847 1444 3911 coire
1465 3836 1572 3931 quiet?

179 3965 188 4019 ᾗ
300 3941 409 4023 aliquo
430 3941 564 4015 dieitur,
587 3962 657 4002 marn
675 3940 782 4024 aliquo
797 3942 837 4003 sd
855 3941 972 4024 aliquid
991 3940 1181 4006 coniunctim
1203 3941 1268 4017 ire,
1292 3941 1411 4027 aliquid
1430 3933 1573 4002 mutiunt

300 4059 370 4101 cum
393 4057 433 4101 eo
455 4046 566 4119 petere
588 4034 788 4119 intelligitur.
834 4035 948 4117 Itaque
969 4036 1059 4099 coire
1081 4035 1264 4099 candidatus
1286 4031 1573 4099 consonuerunt·

299 4143 407 4211 potest
430 4130 508 4206 dici,
534 4130 687 4213 siquidem
712 4150 777 4193 oon
803 4150 863 4192 uno
889 4151 959 4191 crim
982 4129 1147 4193 sodalibus
1170 4129 1289 4214 aliquid
1311 4130 1407 4213 petit,
1430 4134 1475 4190 set
1495 4116 1575 4221 bill?

301 4224 332 4288 io
357 4222 510 4306 petitione
533 4225 574 4287 ab
596 4223 632 4285 iis
652 4222 831 4286 adiuvatur.
878 4222 1027 4287 Ceterum
1049 4223 1119 4285 vide
1138 4245 1220 4305 quae
1244 4227 1281 4285 ad
1298 4223 1452 4287 rationem
1471 4212 1576 4314 otior·

301 4318 476 4381 accuratius
503 4317 747 4399 intellegendam
774 4316 805 4379 in
829 4315 957 4382 Comm.
988 4320 1026 4379 ad
1055 4314 1097 4382 C.
1128 4317 1247 4381 xxlt.
1276 4323 1307 4395 §.
1333 4318 1385 4381 53.
1413 4303 1575 4405 situilssblss’·

301 4411 430 4495 iuquit,
454 4411 537 4496 pasin
559 4409 664 4475 coitio
676 4409 781 4498 facto
793 4410 839 4474 sit
856 4432 873 4473 a
889 4432 938 4473 me
954 4411 1072 4474 monita
1090 4423 1175 4474 stant.
1220 4410 1303 4475 Loci
1320 4424 1438 4484 autem,
1455 4405 1487 4467 in
1499 4396 1576 4480 quint

301 4509 434 4569 verbum
456 4504 601 4570 eoewsdi
621 4504 846 4588 coitioniaque
864 4526 921 4582 eo,
948 4526 1014 4588 qsto
1031 4504 1115 4578 (lixi,
1139 4525 1233 4568 sensu
1257 4516 1452 4588 usurpatum,
1470 4495 1497 4559 ht'
1514 4494 1574 4592 tilii

289 4618 299 4635 ·
387 4599 463 4665 Liv.
487 4600 553 4665 Ill.
574 4599 641 4663 35..
672 4599 890 4683 Deiectiaque
917 4602 1047 4664 bonore
1065 4620 1131 4689 per
1154 4599 1337 4663 coitionem
1356 4596 1480 4661 duobus
1502 4588 1575 4668 Qum·

300 4693 360 4760 tiis
383 4728 422 4742 -
448 4715 664 4778 nequicquam
684 4694 866 4775 splendore
888 4694 978 4757 oitne
996 4714 1102 4776 porea
1123 4693 1332 4759 decemuiros
1351 4700 1441 4756 creat
1460 4692 1512 4746 θεῖ·
1538 4761 1561 4779 .-

387 4787 459 4855 Cie.
482 4809 543 4872 pro
566 4790 680 4855 Plane.
704 4789 883 4856 c.xx11.
907 4790 939 4861 ὁ.
956 4789 1010 4851 ot.
1033 4787 1249 4865 dttbitnbitis,
1274 4775 1590 4872 superemineant,

288 4882 402 4977 foeta
421 4883 488 4962 sit,
510 4904 590 4949 essm
608 4884 721 4949 tribus
733 4886 917 4969 puerosque
932 4904 1010 4947 oum
1025 4882 1138 4948 Ptorto
1152 4882 1271 4947 tulerit
1284 4875 1463 4948 Ptontua?
1481 4862 1571 4954 imi&
