3214 5586
532 339 686 406 mnnx
706 338 889 408 nnana.
968 296 990 397 s
1303 291 1374 409 ἰιι
1452 352 1455 357 ’

365 504 589 594 8ιιιιιιιοιιιιιΙ
607 528 664 594 Τι’.
688 541 721 595 et
741 533 780 596 G.
804 533 1051 597 Gracchorum.

145 668 243 743 ,Vere
262 666 379 744 dicam,
404 667 565 749 Quirites,
590 691 691 756 gentas
714 670 818 754 ipsum
840 670 925 758 legis
940 673 1086 760 agrariae
1106 672 1288 758 vituperare
1308 698 1374 743 non

80 784 192 847 psunn.
232 761 329 826 Venit
357 762 437 824 enim
468 762 545 826 mihi
571 762 601 826 in
630 777 786 844 mentem,
810 769 892 832 dnos
921 768 1132 846 clarissimos,
1154 768 1376 855 ingeniosissi-

80 878 144 932 ποι,
162 855 381 921 amantissimos
399 856 503 938 plebis
518 859 684 923 Romanae
706 860 825 939 viros,
839 861 896 926 Τι’.
920 874 953 926 et
976 865 1013 928 G.
1033 865 1225 941 Gracchos,
1248 865 1373 947 plebem

80 952 183 1036 iaagris
203 950 340 1039 publicis
361 950 584 1032 constituisse,
618 953 673 1038 qui
693 954 767 1041 agri
788 977 805 1019 a
829 957 963 1039 privatis
987 969 1077 1022 antea
1096 958 1374 1041 possidebantur?

78 1045 548 1132 hmmsthm·
1317 1084 1321 1091 ·

462 1209 682 1273 Snuenomau
705 1210 763 1275 Τι’.
787 1211 949 1276 Gracchi.

136 1327 208 1403 ..Τι’
241 1331 418 1395 Gracchus
453 1329 508 1395 Ti.
542 1330 683 1397 Gracchi
716 1327 884 1396 clarissimi
911 1343 1009 1418 atque
1040 1332 1280 1399 eminentissimi
1309 1334 1373 1400 viri

69 1421 152 1498 filius,
178 1425 217 1487 Ρ.
249 1424 398 1489 Africani
420 1446 461 1488 ex
489 1425 553 1489 filia
585 1447 707 1509 nepos,
740 1426 887 1491 tribunus
908 1428 1010 1511 plebis
1034 1441 1159 1493 creatus
1189 1432 1230 1495 P.
1256 1431 1384 1496 Mucio·

69 1516 199 1581 scevola
218 1519 262 1582 L.
280 1516 463 1601 Calpurnio
478 1539 579 1596 cosa,
603 1519 737 1584 descivit
759 1543 775 1584 a
799 1522 908 1600 bonis,
933 1522 1160 1615 pollicitusque
1181 1524 1251 1589 toti
1246 1525 1375 1589 ltaliae

69 1610 222 1689 cirituem,
245 1612 339 1676 simul
355 1612 445 1677 etiam
462 1563 675 1700 promilgatis
689 1615 1004 1701 agrariislegibns,
1028 1639 1148 1680 summa
1166 1617 1236 1680 imis
1252 1618 1375 1682 miscuit

68 1718 93 1769 et
108 1706 132 1769 in
147 1718 349 1790 praeruptum
373 1717 470 1792 atque
491 1729 608 1792 anceps
629 1708 807 1792 periculum
829 1710 961 1774 adduxit
982 1732 1049 1776 rem
1070 1710 1251 1794 publicam,
1277 1713 1396 1801 Octa-¹

69 1799 167 1887 viaque
188 1802 334 1887 collegae
358 1823 422 1884 pro
445 1804 534 1868 bauo
560 1802 692 1885 publico
716 1804 809 1867 stanti
830 1803 997 1888 imperinm
1017 1806 1202 1892 abrogavit.
1248 1805 1377 1870 Trium-

67 1894 138 1961 viros
152 1897 232 1982 agris
253 1896 430 1961 dividendis
449 1897 638 1982 colqnisqne
657 1898 849 1963 deducendis
865 1899 989 1963 creavit
1003 1920 1037 1962 se
1052 1921 1265 1985 socerumque
1282 1922 1374 1964 suum

1 2027 2 2032 κ
69 1992 238 2056 cumularem
263 1991 408 2074 Appium
439 1990 635 2073 (Claudium)
662 2003 695 2056 et
718 1995 900 2059 Gracchum
930 1994 1065 2059 fratrem
1092 1997 1261 2059 admodum
1286 1994 1376 2059 iure-

71 2088 149 2149 sun.”
189 2085 313 2150 Vellei.
338 2085 386 2150 Il.
410 2087 447 2163 2,
472 2086 504 2149 3.
675 2140 679 2151 .

130 2182 201 2261 Τι’.
229 2181 458 2264 Sempronius
486 2183 665 2246 Gracchus
693 2181 840 2247 tribunus
867 2183 971 2265 plebis
999 2187 1044 2265 (a.
1073 2207 1107 2249 n.
1135 2204 1167 2249 c.
1190 2183 1263 2246 620.
1267 2184 1281 2263 )
1295 2204 1375 2247 cum

75 2232 147 2356 legetis
164 2275 351 2385 agrarim
371 2274 474 2338 lerrct
494 2277 649 2340 adversus
672 2277 866 2340 voluntatem
892 2290 1020 2343 senatus
1048 2291 1079 2342 et
1106 2279 1262 2364 equestris
1286 2270 1375 2343 ordi·

1 2431 2 2438 χ
73 2365 116 2445 ais,
134 2390 169 2434 ne
189 2370 267 2457 quis
293 2368 496 2477 erepublica
509 2390 600 2454 agro
612 2373 692 2453 plus
707 2392 811 2455 quana
825 2371 1014 2456 quingenta
1028 2372 1154 2458 iugera
1167 2371 1373 2456 possideret,

70 2457 159 2525 brun
173 2464 320 2530 [tuorem
342 2463 479 2538 exarsit,
504 2474 539 2526 nt
560 2463 614 2527 M.
635 2462 776 2527 Octavio
799 2466 944 2551 collegae
959 2488 1085 2530 caussam
1110 2468 1253 2530 diversae
1275 2467 1376 2548 partis

70 2554 215 2622 defendenti
227 2568 421 2641 potestatem
434 2559 507 2641 lege
518 2559 585 2621 lata
603 2559 794 2666 abrogaret,
817 2580 915 2641 seque
933 2559 1025 2625 etC.
1043 2562 1225 2625 Gracchum
1240 2560 1373 2625 lratrem

1 2715 2 2724 ¹
71 2651 364 2733 annotandum
393 2673 541 2718 socerum
574 2651 761 2717 triumviros
789 2654 828 2716 ad
853 2652 1055 2719 dividendum
1083 2676 1198 2741 agrum
1226 2667 1370 2720 crearet.

73 2747 254 2832 mnnnlgavit
275 2758 310 2810 et
322 2746 417 2810 aliam
433 2748 537 2832 legem
553 2747 752 2831 agrariam,
773 2769 837 2831 qua
852 2748 912 2812 sibi
928 2749 1020 2813 latius
1036 2771 1148 2835 agrum
1164 2750 1377 2833 patefaceret,

1 2885 2 2917 2
77 2846 103 2897 tt!
121 2838 192 2905 idem
221 2838 387 2906 triumviri
415 2841 592 2906 iudicarent
621 2863 682 2925 qna
705 2843 852 2925 publicus
881 2864 975 2928 ager,
1011 2868 1072 2930 qua
1100 2845 1244 2929 privatus
1267 2857 1371 2910 esset.
1383 2892 1387 2905 .
1420 2858 1427 2871 ·

76 2930 235 3001 triniacum
258 2935 362 2999 minus
386 2935 457 3021 agri
481 2948 565 3000 esset
585 2958 679 3022 quam
701 2941 787 3020 quod
811 2937 909 3001 dividi
930 2953 1038 3020 posset
1053 2940 1121 3003 sine
1134 2943 1260 3006 offensa
1277 2940 1371 3005 etiaa,

69 3024 158 3107 plebis,
179 3030 333 3117 quoniam
350 3051 406 3095 eos
426 3033 464 3093 ad
479 3031 682 3115 cupiditatem
701 3033 839 3115 amplum
856 3036 985 3097 modum
1004 3036 1152 3116 sperandi
1170 3035 1371 3116 incitaverat,

65 3116 146 3204 legen
170 3147 203 3190 se
224 3125 507 3210 promulgaturum
536 3125 691 3200 ostendit,
729 3137 762 3189 ut
784 3125 822 3190 iis
853 3127 906 3210 qui
929 3131 1135 3212 Sempronia
1160 3131 1232 3218 lege
1258 3153 1368 3217 agrum

63 3215 179 3299 accipere
198 3223 374 3295 deberent,
398 3221 532 3301 pecunia
555 3240 637 3304 quae
659 3219 750 3305 regis
763 3221 1011 3299 Attaliiuisset,
1036 3223 1251 3291 divideretur.
1276 3228 1369 3289 bere-

1 3391 2 3400 *
62 3306 114 3371 den
135 3325 230 3378 antem
244 3314 411 3398 ’populum
436 3314 616 3379 Romanum
641 3314 815 3398 reliquerat
836 3315 983 3393 Attalus,
1015 3337 1074 3380 rex
1097 3319 1267 3403 Pergami,
1300 3322 1370 3384 Eu·
1414 3324 1420 3337 '

1 3485 3 3490 y
62 3405 137 3466 uenis
155 3407 247 3473 lilius.
297 3407 624 3516 Totindignitatibus
640 3421 820 3473 commotus
840 3409 1142 3495 gravitcrsenatus,
1167 3424 1239 3476 ante
1258 3436 1369 3477 omnes

64 3494 222 3591 Titanius
242 3500 442 3577 concutiaris,
460 3523 515 3587 qm
530 3523 600 3564 carm
615 3524 647 3565 m
666 3514 775 3567 senatu
791 3525 822 3565 m
838 3505 1020 3570 Gracchum
1038 3518 1238 3586 perorasset,
1257 3522 1369 3589 raptus

66 3590 140 3659 stu
159 3598 196 3659 ad
217 3596 375 3680 populum
397 3596 582 3680 delatusque
602 3596 706 3678 plebi,
729 3618 840 3660 rursus
860 3598 892 3660 in
917 3620 987 3661 eum
1006 3619 1068 3681 pro
1093 3600 1222 3663 Rostris
1245 3602 1370 3666 contio-

68 3696 131 3751 mn
149 3703 211 3756 est.
243 3713 317 3754 cum
341 3690 454 3755 iterum
481 3692 749 3774 tribunusplebis
774 3692 878 3756 creari
908 3693 1003 3756 vellet
1026 3695 1212 3769 Gracchus,
1237 3706 1368 3759 auctore

70 3775 255 3851 Mersella
283 3785 431 3849 Nasiea'
421 3806 453 3849 m
480 3783 644 3867 Capitolio
669 3787 708 3848 ab
732 3786 940 3869 optimatibus
963 3786 1089 3850 occisus
1112 3798 1177 3865 est,
1201 3786 1281 3850 ictus
1301 3789 1369 3869 pri-

68 3890 126 3938 am
148 3878 342 3966 fragmentis
367 3879 609 3955 subselliorum,
646 3891 677 3942 et
709 3880 794 3942 iuter
824 3878 904 3943 alios
935 3880 1045 3963 quiin
1073 3883 1179 3944 eadem
1211 3882 1367 3946 seditione
1493 3887 1502 3897 “

65 3968 138 4035 ausi
162 3985 269 4053 erant,
302 3972 478 4057 insepultus
505 3973 536 4037 in
563 3974 681 4038 flumen
705 3972 881 4055 proiectus
885 3972 904 3998 ''
951 3974 1027 4037 [ιι.
1058 3974 1149 4057 Epit.
1173 3975 1307 4039 LVlll.

124 4071 202 4142 ,Ti
225 4070 404 4134 Gracchus
426 4068 569 4132 tribunus
597 4069 700 4152 plebis
722 4067 812 4142 tulit,
843 4088 883 4130 ne
906 4068 976 4152 quis
1000 4069 1070 4150 plus
1094 4071 1138 4134 D.
1162 4069 1232 4155 agri
1254 4070 1366 4155 iugera

54 4154 175 4229 baberet.
220 4160 361 4231 Octavio
385 4165 529 4250 collegae
550 4162 759 4227 intercedenti
785 4180 873 4226 novo
895 4164 1044 4246 exemplo
1068 4164 1288 4249 magistratum
1309 4167 1367 4228 ab·

53 4257 175 4338 rogavit.
217 4259 302 4325 Dem
316 4259 408 4337 tutu
433 4271 467 4322 ut
487 4262 526 4322 de
540 4258 678 4335 iamilra
703 4280 786 4344 quae
803 4278 843 4321 ex
861 4256 964 4321 Attali
982 4260 1158 4323 hereditate
1174 4269 1263 4335 erat
1289 4279 1365 4344 age·

50 4358 138 4427 rttnr,
160 4365 194 4416 nt
214 4355 338 4437 populo
359 4353 589 4418 divideretur?
636 4353 786 4417 Aurelius
809 4351 929 4416 Victor
950 4354 989 4414 de
1012 4352 1092 4415 viris
1115 4354 1232 4417 illustr.
1256 4354 1309 4415 64.

124 4444 313 4536 Τιβέριος
333 4443 606 4535 Σεμπρώνιος
627 4444 816 4535 Γράκχος
836 4442 1061 4525 ἀνεκαίνιζε
1029 4469 1086 4511 τον
1100 4442 1218 4556 νόμον,
1240 4448 1365 4531 μηδένα

50 4534 104 4641 τῷν
121 4544 338 4607 marraccius
358 4545 517 4630 πλέθρων
537 4543 667 4609 πλέον’
649 4567 746 4630 egens.
768 4564 864 4651 nasqs
853 4534 968 4606 δ”
927 4540 1035 4605 αντῶν
1051 4533 1131 4625 ὑπὲρ
1147 4537 1205 4606 τὸν
1220 4536 1364 4607 παλαιὸν
1445 4556 1453 4571 ⁸

50 4622 138 4713 vinos
157 4637 350 4722 προσετίθει
371 4634 414 4702 τὰ
436 4632 573 4750 sipiares.
578 4632 716 4703 τούτων.
738 4642 794 4703 καὶ
816 4631 875 4717 τὴν
896 4630 1013 4713 λοιπὴν
1035 4640 1123 4725 τρεῖς
1140 4630 1290 4718 αἱρετοὺς
1307 4629 1365 4699 ἅν-

52 4721 122 4882 “ctat
141 4728 440 4893 ἱιαέρασσομένονς
460 4755 524 4798 κατ
554 4730 627 4810 ἔτος
649 4733 813 4821 διανέμειν
839 4735 908 4806 τοῖς
933 4731 1061 4809 πένησι.
1105 4726 1247 4819 Appian.
1276 4726 1361 4801 Bell,

79 4836 108 4879 ιι
