3490 5586
347 395 408 459 368
705 410 710 417 ·
748 394 898 460 INDEX
920 394 1275 462 FORMULARUM.

431 537 568 599 Annus
590 557 716 611 meus,
741 547 848 611 tuus,
867 558 979 615 suus,
1003 548 1165 615 noster,
1190 536 1349 624 legitimus
1365 537 1518 620 petitionis
1532 542 1630 624 exlege

347 629 463 694 annali.
509 628 643 695 Clodius
675 630 804 714 reliquit
833 651 970 694 annum
1001 653 1109 694 suurn
1137 653 1269 718 seseque
1295 632 1327 694 in
1352 633 1522 713 proximum
1545 656 1632 698 anuum

345 722 505 786 transtulit
526 747 609 805 non,
647 736 682 788 ut
709 725 765 801 fit,
801 724 958 810 religione
983 724 1087 810 aliqua
1110 738 1174 790 cet.
1208 748 1270 810 pro
1293 724 1426 803 Mitt,
1449 728 1555 790 ‘21—
1582 730 1633 793 Pro

346 816 549 900 amplitudine
578 821 756 895 honorum,
791 840 872 903 quos
901 819 1024 883 eunctis
1047 820 1209 911 suffragiis
1235 819 1344 904 adepti
1373 840 1491 898 sumus,
1518 832 1633 886 nostro

329 912 471 997 *quidem
496 934 622 989 anno,
645 924 710 976 ret.
734 915 773 976 de
798 913 892 979 Offic.
917 914 956 989 3,
981 916 1039 989 17,
1062 913 1115 977 69.

429 1008 661 1072 Anseribus
694 1006 844 1071 cibaria
874 1007 1043 1090 publice
1076 1007 1264 1073 locantur
1297 1019 1330 1071 et
1356 1029 1449 1072 canes
1479 1009 1588 1072 aluntur
1611 1008 1634 1072 in

346 1099 527 1185 Capitolio,
554 1113 587 1164 ιιι
606 1099 805 1186 significent,
828 1099 856 1164 si
877 1102 965 1165 lures
990 1100 1146 1165 venerint.
1174 1121 1236 1184 pro
1255 1102 1292 1165 S.
1308 1101 1430 1167 Roscio
1446 1102 1516 1166 Am.
1530 1103 1581 1181 to,
1595 1104 1633 1167 66.

429 1196 533 1260 Ante
554 1196 720 1269 lactum,
744 1206 837 1278 post
859 1195 1046 1258 relatum.
1070 1197 1108 1258 de
1132 1196 1194 1261 Or.
1217 1196 1255 1273 3,
1280 1196 1338 1271 69,
1362 1196 1437 1259 380.

430 1290 666 1375 Antiquare.
691 1288 857 1353 Bar-batuli
878 1289 1010 1352 iuvenes
1032 1289 1206 1374 populum,
1231 1301 1273 1352 ut
1294 1288 1540 1376 antiquaret,
1559 1312 1634 1376 rogi·

275 1444 284 1465 ,
344 1384 433 1447 bant.
457 1385 497 1447 ad
520 1384 591 1449 Att.
617 1388 654 1460 1,
681 1386 738 1459 tt,
761 1385 794 1448 5.
826 1418 867 1430 -
900 1384 1129 1466 Antiquare
1151 1383 1367 1470 rogationem.
1398 1385 1634 1461 adAtt.1,1l,

217 1529 221 1536 .
345 1478 378 1540 3.
402 1480 441 1541 de
461 1478 560 1543 ‘offic
585 1480 621 1556 3,
645 1479 704 1555 31,
730 1479 781 1543 73.
804 1479 843 1541 de
865 1478 974 1562 Legg.
999 1477 1036 1553 3,
1064 1478 1121 1554 17,
1145 1477 1200 1541 38.

429 1572 607 1654 Aperire
626 1574 815 1636 ‘summam
845 1571 950 1635 alicui.
995 1571 1046 1635 De
1069 1570 1180 1654 Oppio
1201 1573 1319 1637 factum
1341 1583 1409 1649 est,
1442 1582 1475 1636 Ιιιι
1498 1572 1591 1650 volui,
1615 1582 1635 1634 et

345 1669 498 1744 maxime,
524 1669 613 1755 quod
627 1665 765 1733 DCCC.
780 1664 996 1749 aperuisti.
1022 1667 1060 1726 ad
1076 1666 1147 1729 Att.
1164 1666 1201 1742 5,
1221 1668 1257 1741 t,
1275 1668 1307 1729 3.
1338 1668 1423 1730 Vide
1442 1667 1635 1750 Exponert.

429 1764 648 1844 Apparere
670 1761 899 1846 quaestioni
921 1761 974 1840 (de
995 1759 1125 1837 acribia,
1149 1760 1319 1825 lictoribus
1342 1762 1420 1842 cet.)
1441 1780 1501 1844 pro
1519 1756 1635 1826 Cluentio

297 1894 300 1905 ·
345 1854 505 1932 33,117.

429 1948 657 2034 Appellare
679 1949 878 2028 (admonere)
900 1946 1035 2032 aliquem
1059 1952 1099 2012 de
1122 1948 1245 2013 debito.
1273 1969 1335 2031 pro
1359 1947 1509 2030 Quinctio
1530 1950 1580 2023 11,
1599 1943 1635 2008 31.
1673 1932 1674 1963 ¹

379 2044 383 2049 ’
428 2043 659 2127 Appellare
676 2042 885 2127 ¹tribunos.
908 2063 969 2124 pro
994 2041 1146 2125 Quinctio
1168 2044 1228 2116 30,
1253 2043 1307 2107 63.

430 2135 667 2221 Applicare.
712 2135 860 2200 Omnium
883 2136 1043 2200 nationum
1065 2149 1247 2201 exterarum
1272 2136 1423 2220 princeps
1449 2135 1548 2201 Sicilia
1566 2155 1594 2198 se
1610 2133 1635 2194 ad

344 2231 511 2299 amicitiam
534 2232 692 2315 iidemque
711 2232 822 2314 populi
843 2231 981 2296 Romani
998 2231 1239 2315 applicarit.
1271 2234 1373 2297 Verr.
1393 2233 1511 2297 Accus.
1527 2231 1562 2305 3,
1576 2226 1633 2303 t,t.

427 2324 737 2411 Applicationis
760 2325 832 2389 ius.
856 2328 894 2390 de
918 2326 980 2391 Or.
1005 2330 1041 2403 1,
1065 2327 1124 2403 39,
1151 2329 1224 2389 177.

428 2422 690 2505 Approbare.
736 2419 789 2481 Tu
812 2422 901 2504 quod
924 2421 1049 2504 egeris,
1079 2420 1119 2483 id
1142 2420 1237 2484 velim
1268 2419 1320 2482 dii
1350 2421 1582 2503 approbent.
1610 2411 1635 2474 td

345 2515 438 2579 Fam.
462 2515 499 2590 3,
527 2515 584 2590 18,
609 2514 640 2578 3.

361 2641 363 2647 ·
429 2613 546 2694 Aqua
570 2607 711 2693 etigni
735 2605 1002 2671 interdicere.
1025 2609 1064 2669 ad
1086 2609 1169 2672 Her
1194 2600 1233 2686 3,
1256 2607 1318 2685 38,
1344 2609 1399 2672 16.

428 2701 661 2788 Aquarius
705 2694 1013 2766 VideSeivitus.
1240 2727 1252 2735 ·

428 2802 544 2883 Aqua
569 2795 707 2879 pluvia
730 2796 840 2860 ultimo
861 2816 980 2882 genere
1000 2817 1034 2860 ea
1053 2809 1119 2871 est,
1144 2818 1224 2883 quac
1240 2799 1278 2860 de
1300 2797 1392 2863 caelo
1411 2797 1537 2862 veniens
1554 2754 1674 2858 crudi

343 2892 454 2968 imbri,
489 2894 546 2957 sed
573 2892 744 2974 propiore,
780 2889 810 2952 in
833 2912 898 2974 quo
929 2890 1017 2996 quasi
1043 2891 1090 2954 ius
1114 2891 1241 2955 arcendi
1266 2892 1465 2967 continetur,
1500 2909 1587 2976 genus
1603 2894 1633 2946 est

343 3007 424 3073 aqua
446 2986 553 3069 pluvia
578 3007 714 3060 nocens3
746 2983 813 3049 eius
838 2986 964 3069 generis
985 2986 1134 3060 formae,
1164 2986 1227 3050 loci
1254 2986 1331 3050 vitio
1358 2998 1391 3049 et
1417 3008 1508 3050 manu
1532 3000 1630 3051 notent,

344 3101 481 3164 quorum
498 3081 632 3143 altorum
650 3078 777 3143 iubetur
793 3081 833 3141 ab
849 3080 971 3146 arbitro
984 3080 1148 3159 coe'rceri,
1164 3081 1294 3144 alterum
1312 3102 1375 3145 non
1391 3080 1528 3145 iubetur.
1551 3072 1628 3157 'lrpit

333 3174 384 3264 9,
408 3174 583 3250 390110,
609 3175 662 3237 13.

429 3270 535 3332 Arae
558 3280 596 3331 et
618 3267 636 3331 1
641 3289 716 3332 oct
760 3269 850 3343 ,Res
867 3267 995 3351 publica
1016 3289 1079 3332 nou
1104 3281 1153 3332 est
1173 3268 1207 3333 in
1228 3268 1442 3353 parietibus.”
1484 3267 1551 3334 At
1542 3287 1570 3329 m
1584 3256 1621 3325 ιιιί

320 3373 392 3427 et
403 3363 526 3428 focis
562 3365 601 3425 ad
624 3364 757 3437 Aut
783 3366 841 3438 11,
865 3363 897 3426 3.

428 3458 614 3521 Arbiter.
659 3457 879 3522 Damnatus
901 3478 972 3540 per
994 3456 1208 3522 arbitrum.
1231 3479 1293 3540 pro
1311 3460 1346 3521 S.
1367 3458 1491 3523 Roscio
1514 3459 1582 3520 Am.
1598 3444 1630 3527 11,

346 3548 418 3613 111.
441 3585 482 3599 -
504 3551 1103 3639 Arbitrumadigerealiquem,
1121 3550 1631 3637 qttidquidsibidarelacett

236 3704 238 3709 .
344 3657 588 3725 oporteret
591 3645 894 3711 exfidebona.
929 3646 967 3708 de
997 3646 1089 3713 Offic
1119 3647 1155 3723 3,
1186 3648 1240 3724 16,
1270 3647 1386 3710 66.-
1414 3646 1572 3710 Finibus
1592 3655 1633 3699 ιι

343 3737 910 3827 gundisadigerearbitrum.
948 3741 1067 3823 Topic.
1094 3741 1149 3816 to,
1175 3741 1228 3803 13.
1277 3741 1364 3805 the
1387 3742 1497 3826 Aqua
1518 3729 1634 3822 ptum

428 3832 672 3898 Arbitrium.
715 3833 1034 3898 VideIudicium.
1066 3826 1633 3899 -Arbttriumreinxoriat

253 3944 255 3947 ·
343 3927 535 4004 deone,
562 3928 620 4003 15,
645 3928 698 3991 61.

238 4050 242 4057 ’
427 4023 641 4088 Arbitror.
676 4021 821 4085 Verbum
841 4021 873 4085 in
889 4020 1074 4085 testtmonus
1094 4018 1239 4087 solenne.
1285 4014 1634 4103 Ιιιι1ιιιίοιιιειιιιιριιι1119
1673 4044 1674 4093 ι

342 4116 418 4182 illud
440 4120 573 4182 verbum
596 4115 916 4183 consideratissimum
936 4128 1066 4180 nostrae
1082 4117 1339 4194 consuetudinis,
1363 4119 1568 4190 Arbitror,
1587 4121 1634 4191 ιιι1
1673 4110 1674 4129 ’

343 4231 402 4275 nos
427 4210 519 4276 etiarn
541 4223 616 4276 tunc
635 4211 773 4287 utimur,
797 4232 919 4274 cumea
940 4209 1071 4273 dicimus
1085 4210 1198 4288 iurati,
1223 4233 1304 4297 quae
1319 4223 1484 4297 comperta
1501 4211 1633 4289 hatenus,

343 4325 424 4388 quae
451 4306 511 4387 ipsi
540 4305 694 4382 vidimus,
729 4327 771 4369 ex
797 4317 867 4370 toto
896 4304 1079 4370 testimonio
1107 4326 1166 4370 suo
1195 4307 1347 4384 sustulit,
1376 4323 1471 4393 atque
1498 4298 1589 4370 omnia
1610 4308 1634 4354 ιι

342 4398 451 4462 scire
472 4399 564 4464 dixit.
589 4421 650 4484 pro
673 4399 813 4465 Fonteio
836 4400 874 4476 9,
900 4400 952 4463 19.

429 4496 576 4557 Arcere
598 4516 749 4578 aquam.
793 4494 879 4557 Vide
901 4493 1023 4557 Fines
1046 4515 1199 4580 regere.
1337 4546 1341 4559 .

427 4590 661 4673 Argentum.
706 4588 862 4671 Quoniam
896 4600 1061 4672 argentum
1094 4611 1187 4653 omne
1217 4591 1340 4655 mulieri
1368 4592 1472 4676 legata
1500 4596 1560 4660 est,
1585 4592 1631 4641 1¹⁰l

341 4692 449 4765 potest
472 4704 508 4747 ea
535 4683 684 4765 pecunia,
720 4705 801 4769 quae
825 4692 987 4746 numerata
1013 4682 1099 4747 dorni
1120 4684 1229 4749 relicta
1258 4698 1321 4763 est,
1354 4708 1417 4751 non
1445 4702 1511 4748 csse
1534 4680 1630 4761 tegam

342 4773 447 4840 dorma
468 4775 550 4840 enim
573 4800 590 4842 a
610 4800 745 4862 genere,
769 4779 877 4865 quoad
892 4798 981 4841 suum
1001 4798 1117 4842 nomen
1137 4780 1267 4879 retinet,
1293 4800 1450 4866 uunquam
1467 4770 1628 4856 seiungiuu
