3328 5576
280 367 321 432 18
470 402 475 411 ¹
885 369 1039 435 INDEX

278 530 345 670 ξιῖἷ
351 509 467 681 κὸνδνῖ
465 510 497 575 in
520 512 701 595 expetendo
720 530 903 595 cognosces
925 533 984 575 nec
1006 510 1135 591 ἄταφον
1157 509 1189 575 iu
1213 509 1431 615 abiicienda.n
1453 514 1517 578 ad
1538 514 1629 580 Att.

362 704 587 777 Atarnites,
621 666 713 767 cuirr
720 701 947 777 mutor-itate,
981 712 1078 765 certo
1101 712 1256 765 auctore.
1312 668 1500 784 ,Alque
1469 723 1544 766 eum
1572 703 1632 767 lo·

230 855 239 858 -
279 792 337 880 qui
365 795 493 880 quidam
522 798 720 872 αὐθεντικῶς
742 795 922 860 narrabat”
951 808 1015 858 cet.
1065 798 1104 858 ad
1125 796 1197 861 Ast.
1219 796 1285 859 IX.
1310 796 1370 873 ll,
1403 796 1436 859 9.
1459 831 1502 845 -·
1538 799 1631 874 ,la

213 946 215 951 ⁴
278 891 359 951 enim
382 893 579 967 αὐ8εντικῶς
601 888 849 955 nuntiabatur.’'
893 892 933 953 ad
954 890 1027 959 Ast.
1051 891 1097 953 X.
1120 889 1155 965 9,
1182 892 1214 952 1.

362 988 537 1075 Astaspes,
564 986 627 1048 itta
651 986 730 1067 ipsa
757 987 858 1049 hora.
912 983 1077 1057 „Facinus
1098 983 1283 1068 iudignum,
1308 985 1474 1069 epistolant
1497 991 1628 1053 αὐθω-

277 1090 329 1168 pet
357 1079 467 1143 tibia
490 1079 619 1143 Tribus
648 1078 805 1145 Tabernis
832 1079 1020 1161 rescriptam
1054 1080 1093 1141 ad
1122 1091 1193 1145 tuas
1225 1080 1429 1144 suavissimas
1456 1081 1629 1164 epistolas

277 1172 432 1238 neminem
455 1172 678 1239 reddidissei”
723 1176 764 1236 ad
784 1173 857 1237 Art.
880 1172 932 1236 II.
956 1174 1012 1247 13,
1039 1175 1071 1235 1.

318 1332 321 1339 ,
360 1268 523 1347 Αὐξηοις,
549 1268 682 1345 arretio,
704 1266 948 1351 amplificatio.
996 1269 1104 1342 „Stant
1123 1269 1257 1333 maxime
1273 1270 1448 1335 luminosae
1465 1284 1496 1336 et
1520 1273 1630 1358 quasi

278 1373 428 1427 actuosae
456 1375 566 1447 partes
594 1362 794 1443 (orationis)
821 1365 918 1426 duae:
949 1383 1082 1445 quartam
1110 1363 1241 1426 alteram
1263 1365 1294 1427 in
1318 1364 1457 1428 uniuersi
1480 1367 1628 1449 generis

278 1456 466 1542 quaestione
494 1479 601 1541 pono,
632 1479 726 1543 quam
757 1460 932 1539 (utsupra
954 1456 1038 1537 diui)
1061 1457 1180 1520 Graeci
1202 1459 1499 1541 appellantdtara:
1532 1462 1629 1525 alte-

276 1572 344 1615 ram
374 1552 407 1616 iu
434 1553 589 1638 augendis
618 1550 910 1636 amplificandisque
932 1553 1047 1629 rebus,
1084 1573 1166 1636 qttae
1189 1554 1229 1615 ab
1256 1551 1374 1617 eisdem
1397 1553 1535 1634 αὐξηαις
1572 1568 1630 1620 est

279 1649 482 1714 nominata.''
528 1647 651 1730 Orator
673 1646 734 1722 36,
759 1645 834 1709 195.

362 1744 572 1833 Αὐτάηκοια,
592 1741 735 1805 animus
749 1760 862 1823 paruo
883 1750 1076 1804 contentus.
1115 1739 1396 1824 ,Animusparvo
1420 1753 1626 1819 contentato,

278 1860 360 1922 quae
382 1838 484 1902 virttu
508 1837 624 1900 dicitur
645 1835 840 1922 αὐτάρκεια.
891 1834 981 1914 Quae
1008 1854 1079 1896 cum
1107 1834 1225 1897 Latine
1248 1857 1312 1899 rino
1334 1838 1439 1915 verbo
1461 1835 1523 1899 dici
1552 1860 1628 1903 non

277 1945 404 2016 potest,
439 1932 640 2019 αὐτάρκεια,
673 1929 777 2013 inquit
798 1926 941 2005 Cicero,
976 1941 1047 2000 eat,
1082 1949 1170 2013 quae
1189 1950 1299 2012 parvo
1321 1940 1484 1993 contenta
1509 1952 1627 1995 omne

259 2026 318 2089 'id
339 2027 490 2109 respuit,
511 2028 605 2112 qaod
622 2023 792 2087 abundat.
802 2023 820 2052 ’'
866 2021 1062 2087 scholiastes
1093 2021 1296 2107 Cruqniauus
1324 2026 1365 2086 ad
1394 2024 1514 2106 Horat.
1541 2026 1624 2091 Sat.

281 2121 319 2200 9,
344 2122 382 2199 6,
407 2122 461 2185 aa.
484 2142 520 2204 p.
544 2121 618 2185 tan.
638 2117 747 2203 Crnq.
771 2115 843 2183 Cic.
859 2118 975 2200 Frgm.
998 2139 1034 2199 p.
1057 2117 1132 2182 581.
1217 2162 1221 2168 2

363 2217 494 2281 Αὐτίκα
520 2216 586 2304 γάρ
612 2242 663 2282 τοι
678 2214 790 2281 ἔπειτα
807 2216 878 2296 prat
895 2213 1046 2299 Ἕκτορα
1058 2212 1181 2300 πότμος
1202 2222 1346 2298 ἑτοῖμος,
1370 2212 1498 2287 Statim
1519 2217 1625 2280 εηὶηι

271 2310 343 2374 siti
369 2311 491 2375 deinde
517 2322 596 2393 post
623 2313 808 2375 Hectorem
838 2328 934 2372 mora
957 2318 1100 2389 parata.
1145 2310 1185 2369 ad
1212 2310 1285 2371 Au.
1314 2308 1379 2373 IX.
1407 2309 1446 2378 5,
1477 2308 1511 2371 3.
1564 2310 1626 2375 Sic

278 2407 362 2487 apud
384 2406 566 2470 Homerum
589 2404 682 2467 Iliad.
704 2431 741 2479 α,
764 2402 818 2467 96.
864 2400 977 2466 Thetis
998 2401 1096 2464 lilium
1119 2423 1209 2467 suum
1224 2402 1392 2469 ¹Achillem
1416 2402 1624 2486 alloquitur,

278 2499 330 2565 cui
351 2499 404 2563 ille
426 2498 532 2565 statim
554 2521 589 2562 v.
612 2498 667 2564 98.
691 2499 889 2579 respondet·

361 2595 492 2661 Αὐτίκα
519 2602 687 2674 τεθναίην,
713 2603 782 2661 ἐπεὶ
803 2596 863 2659 οὐκ
881 2592 934 2677 ἄρ
958 2590 1094 2675 ἔμελλον
1115 2599 1235 2699 ἑταίρην
1250 2596 1464 2678 ’Κτιινομίνω
1482 2608 1623 2685 ἐπαμῦ-

279 2712 344 2753 ναι.
369 2687 510 2752 Utinam
530 2689 651 2753 statim
671 2687 827 2761 moriar,
851 2708 930 2749 cunt
945 2706 1013 2749 non
1031 2685 1134 2767 potui
1155 2685 1267 2761 socio,
1292 2688 1487 2769 (Patroclo,
1498 2696 1621 2772 >cum

279 2783 555 2861 interficeretur,
590 2803 690 2865 opem
699 2778 824 2871 ferre.
870 2782 910 2842 ad
934 2781 1006 2843 Att.
1030 2779 1096 2842 IX.
1120 2780 1158 2854 8,
1186 2780 1218 2841 3.

298 2879 576 2959 Αὐτονομία,
588 2872 758 2965 facultas
781 2886 814 2938 et
834 2873 975 2937 libertas
996 2872 1070 2935 suis
1092 2872 1211 2935 utendi
1232 2875 1377 2956 legibus.
1411 2879 1528 2944 Graeci
1557 2908 1626 2966 „se

279 2975 484 3055 αὐτονομίαν
505 2972 640 3052 adeptos
661 2967 801 3051 putant.'
805 2967 876 3029 a'd
897 2968 968 3030 Att.
992 2966 1059 3030 vt.
1085 2969 1122 3040 1,
1149 2968 1201 3031 18.
1225 2998 1266 3011 -
1305 2970 1450 3043 ,Omnes
1478 2976 1625 3053 (civita-

279 3070 347 3147 tes)
368 3064 434 3129 suis
457 3063 582 3149 legibus
603 3074 635 3127 et
656 3061 780 3127 iudiciis
802 3081 895 3136 usae,
919 3063 1123 3144 αὐτονομίαν
1139 3063 1291 3146 adeptae,
1314 3067 1543 3132 revixerunt.’'
1571 3079 1626 3140 ad

278 3163 351 3227 Ast.
375 3158 442 3224 Vl.
466 3159 508 3234 2,
537 3160 568 3223 t.
1628 3150 1632 3155 ’

322 3300 325 3313 ·
362 3254 561 3321 Atirsisata.
577 3252 657 3317 Viti.
680 3251 947 3341 Παραφύλαξον.

362 3348 563 3428 Αὐτύχθων,
598 3348 738 3412 nativus
765 3360 799 3411 et
831 3347 1009 3430 indigena.
1064 3347 1283 3430 Opponnntur
1313 3350 1514 3428 αὐτόχθονες
1551 3354 1626 3435 iis,

233 3520 235 3531 Ι
279 3443 335 3529 qui
354 3465 415 3527 per
436 3442 599 3508 coloniam
617 3442 650 3506 in
671 3441 840 3528 regionem
861 3440 987 3504 aliunde
1010 3441 1096 3505 ducti
1121 3453 1207 3515 stant.
1258 3446 1466 3524 ,Αὐτόχ8ον
1495 3447 1528 3509 in
1557 3451 1629 3517 ho-

279 3538 363 3603 mine
385 3537 547 3612 urbanitas
570 3536 660 3599 est.''
704 3539 743 3599 ad
765 3539 840 3600 Art.
863 3536 948 3599 VII.
973 3535 1010 3611 9,
1037 3536 1069 3598 3.

365 3634 466 3714 Αὐτῷ
487 3635 532 3713 τῷ
555 3644 662 3719 μέτρῳ
689 3640 746 3696 καὶ
767 3630 880 3707 λώϊον,
903 3635 975 3696 αἴκε
995 3629 1129 3709 δύνηαι,
1156 3631 1277 3695 eadem
1298 3655 1463 3698 mensura
1483 3656 1521 3700 er
1545 3662 1629 3705 me.

281 3728 366 3804 lius,
400 3726 434 3790 oi
459 3725 562 3789 modo
585 3723 716 3808 possis.
772 3726 873 3808 „Ego
903 3736 1006 3787 atatem
1032 3746 1081 3787 me
1102 3727 1256 3807 parabam
1286 3728 1326 3791 ad
1355 3727 1403 3804 id,
1436 3733 1526 3813 quod
1562 3733 1628 3800 illc

281 3822 358 3886 milri
379 3820 533 3894 misisset,
558 3830 596 3884 ut
618 3821 708 3901 αὐτῷ
727 3825 772 3901 τῷ
791 3832 898 3907 μέτρῳ
919 3818 1110 3897 καιλύϊον,
1135 3820 1280 3886 simodo
1302 3821 1492 3905 potuissem.
1526 3828 1629 3895 Nam

279 3917 356 3981 hoc
365 3915 459 3979 etiam
481 3912 645 3977 Hesiodus
673 3914 845 3990 adscribit,
876 3919 949 3980 αἴκε
977 3915 1102 3993 δύνηαι
1112 3916 1132 3942 ”
1182 3917 1224 3978 ad
1248 3916 1321 3981 Att.
1348 3917 1451 3982 XIII.
1483 3920 1551 4000 19,
1589 3927 1631 3993 3.

201 4072 204 4079 ,
280 4009 445 4076 Hesiodus
469 4007 580 4092 Opera
602 4020 635 4072 et
655 4008 735 4073 Dies
756 4030 791 4073 r.
812 4009 899 4073 319.

316 4156 320 4163 ,
451 4100 502 4171 Ευ
510 4114 582 4188 ptr
601 4109 794 4191 μετρεῖσθαι
817 4103 911 4191 παρὰ
937 4114 1095 4188 γείτονος,
1121 4101 1207 4172 ταδ’
1223 4081 1428 4186 oinodoaiuat,

450 4200 552 4281 Αὐτῷ
579 4201 634 4280 τῷ
646 4211 752 4285 μέτρῳ
775 4208 832 4264 καί
849 4199 964 4277 taron,
994 4205 1067 4266 αἴκε
1088 4200 1226 4280 δύνηαι.

361 4295 476 4375 Αφαί
475 4318 573 4380 prosc.
597 4293 676 4356 Vid
696 4296 758 4371 E}
781 4295 999 4383 ἀφαιρέσεως.

360 4387 527 4470 Αφατα,
559 4406 630 4449 non
651 4386 809 4451 dicenda.
861 4388 955 4471 „Scit
984 4390 1085 4466 enim,
1121 4411 1202 4473 qnae
1223 4390 1277 4455 ille
1299 4393 1448 4457 deltae:
1487 4415 1637 4467 mecum

281 4480 455 4570 quidem
430 4507 550 4562 αφατα
576 4479 692 4544 olim.”
735 4485 775 4546 ad
796 4483 869 4546 Ait.
891 4485 973 4548 XV.
998 4485 1058 4559 19,
1087 4484 1120 4547 9.

357 4579 512 4662 Ἀφατα,
533 4578 715 4663 ἀδιήγητα,
746 4601 815 4644 non
837 4580 998 4656 dicenda,
1022 4601 1093 4645 nan
1106 4583 1299 4648 narranda.
1323 4584 1450 4665 „Multa
1465 4583 1637 4670 ἄφατα,

170 4700 175 4709 ·
206 4668 209 4673 ’
276 4673 462 4758 ἀδιήγητα,
486 4675 543 4737 sed
563 4694 661 4738 unum
682 4673 856 4751 eiusmodi,
881 4676 984 4758 quod,
1010 4673 1070 4737 uisi
1092 4676 1253 4741 exercitus
1275 4677 1391 4756 sciret,
1421 4698 1487 4742 non
1510 4689 1639 4753 morlo

280 4769 398 4833 Tironi
431 4768 577 4847 dictare,
613 4770 671 4833 sed
698 4789 740 4832 ne
771 4766 841 4852 ipse
873 4768 999 4854 quidem
1033 4770 1183 4836 auderem
1215 4771 1405 4837 scribere.’'
1463 4773 1507 4836 ad
1537 4777 1641 4848 Ata.

275 4864 379 4949 atu.
402 4865 446 4943 a,
479 4867 511 4928 ι.
940 4846 980 4969 Q
