3220 5572
319 399 380 469 tot
800 376 951 463 iuonx
973 398 1155 465 nnoout.

437 617 443 629 =
489 583 664 650 conuentu
686 587 895 650 nummario.

406 728 542 809 „Atque
569 726 601 789 iu
628 724 678 790 his
707 726 786 808 ipsis
808 730 905 791 rebus
929 728 1022 793 mults
1046 726 1187 791 ridemus
1207 724 1250 790 ita
1279 738 1386 790 ssucts
1410 747 1473 790 csse
1489 726 1589 812 legibus,

200 843 203 849 ’
319 832 353 887 ut
374 820 551 909 soteloeta
575 820 606 884 iu
628 820 776 884 iudicium
799 843 863 886 ouu
887 832 1056 887 vocentur.
1103 817 1262 886 Cornelia
1276 822 1589 899 testamentarium·

319 915 450 988 maria,
475 929 601 979 ceteras
623 915 823 996 ‹rourplurss3
857 915 1027 998 inquibus
1057 937 1120 979 uon
1147 915 1194 978 ius
1219 915 1350 1000 aliquod
1374 935 1483 979 nosutu
1504 915 1591 998 populu

318 1009 541 1083 constituitur,
565 1012 622 1072 sed
646 1009 804 1084 sancitur,
828 1022 878 1086 ut,
901 1013 988 1096 quod
1010 1031 1136 1091 seiuper
1158 1010 1271 1075 rislum
1295 1009 1416 1073 lacinus
1436 1008 1532 1094 luerit,
1550 1007 1591 1069 eius

320 1105 465 1190 quanrio
480 1108 517 1169 nd
534 1106 686 1187 populum
705 1104 861 1188 pertinent
877 1125 915 1167 ex
933 1120 1022 1169 certo
1038 1102 1216 1187 tempore.”
1260 1104 1360 1169 Verr.
1375 1103 1432 1166 lib.
1448 1102 1475 1166 l.
1490 1102 1536 1173 ll,
1549 1100 1591 1165 tul.

404 1201 451 1267 Ea
474 1213 598 1262 outtttuu
622 1209 688 1275 est,
713 1220 752 1261 ue
775 1198 844 1282 quis
867 1197 1010 1278 privatus
1029 1219 1174 1265 nuutmos
1194 1198 1389 1260 adulterinos
1402 1196 1506 1270 liciat,
1524 1194 1591 1256 inluu

321 1293 472 1357 deteriori
503 1315 576 1356 aere
603 1292 634 1355 in
663 1294 819 1363 nobilius,
852 1304 904 1355 aut
933 1294 995 1357 alio
1026 1296 1121 1356 niodo
1151 1313 1356 1376 qttntntuque.
1412 1289 1591 1355 Coutiuelutu

321 1390 383 1452 hoc
404 1389 475 1450 salsi
498 1409 598 1473 gentis
621 1387 693 1473 lege
716 1390 754 1450 de
778 1388 878 1459 lulso;
902 1389 956 1449 sed
979 1389 1066 1470 quod
1089 1386 1130 1449 nit
1154 1386 1354 1469 pestilentius
1376 1396 1422 1448 est
1439 1384 1591 1465 tteipuuu

321 1483 491 1545 sdrrltcrari
521 1502 685 1558 uututuus,
719 1482 791 1566 lege
818 1479 970 1564 peculiari
999 1483 1037 1543 tle
1061 1484 1122 1544 lsoc
1143 1481 1275 1544 crimine
1297 1481 1494 1543 sanciendum
1514 1472 1591 1559 putuit

321 1577 420 1641 Sulis.
453 1579 497 1639 V.
515 1577 664 1639 Gravius
688 1575 730 1640 Ο.
756 1576 781 1640 Ι.
805 1599 838 1657 p.
862 1577 937 1639 151.
982 1576 1057 1639 Huc
1078 1574 1215 1657 pertinet
1237 1575 1330 1638 etiam
1363 1575 1507 1638 edictum
1523 1562 1591 1643 Mul

198 1686 204 1697 “
246 1676 248 1683 ’
321 1670 535 1743 Gratidiani,
567 1670 685 1733 tribuni
713 1670 833 1753 plebis,
865 1672 904 1733 de
927 1692 991 1755 qito
1016 1670 1168 1734 videndus
1189 1669 1313 1742 Plinius
1336 1670 1381 1734 Η.
1407 1671 1448 1735 N.
1470 1658 1591 1731 XXlllllt

321 1767 364 1855 9„
377 1778 458 1831 extr.
492 1766 576 1830 Euu.

489 1922 666 1990 Conunnu
687 1923 729 1988 de
752 1924 1014 2008 proscriptione.

406 2046 554 2120 „Doceut
575 2067 638 2109 nou
661 2058 815 2127 oportere
837 2067 871 2109 se
889 2046 1011 2110 iurnrs:
1036 2046 1178 2110 lecturos
1199 2066 1291 2125 esse&
1307 2046 1396 2129 quod
1414 2055 1520 2109 contre
1535 2040 1591 2122 lep¹

324 2137 515 2205 Corneliam
541 2154 641 2216 esset,
667 2163 747 2225 quiae
769 2140 983 2223 proscriptum
1006 2140 1110 2205 iurari
1133 2139 1291 2204 vetsrnt.’'
1334 2140 1439 2203 Verr.
1462 2139 1514 2201 lib.
1532 2134 1552 2199 l.
1569 2118 1591 2203 ll

322 2235 397 2299 123.
420 2271 462 2284 -
485 2237 586 2310 „Hoc
608 2256 672 2319 ego
695 2256 833 2318 numo,
857 2235 912 2319 qui
935 2245 1108 2317 potuerunt
1129 2234 1189 2298 ists
1213 2235 1279 2317 ipss
1298 2235 1495 2318 legerense
1509 2229 1591 2310 clepet

320 2331 508 2414 scriptione
529 2340 593 2405 cst,
618 2329 687 2392 sire
703 2329 833 2392 Valeria
858 2340 905 2393 est
926 2328 995 2392 sive
1009 2329 1186 2402 Cornelia,-
1212 2349 1274 2392 uon
1296 2328 1377 2393 enisu
1395 2327 1473 2391 uoci
1487 2319 1591 2390 necessit

320 2445 430 2489 versum
453 2426 511 2489 ists
534 2424 601 2507 ipss
623 2424 695 2508 lege
719 2426 802 2486 bona
825 2423 903 2487 Sex.
922 2423 1031 2517 Roscii
1058 2423 1165 2487 venire
1188 2421 1244 2507 qui
1265 2421 1465 2505 potueruut?
1487 2416 1591 2496 Setipltl

219 2544 224 2553 ’
320 2520 400 2582 enisu
423 2520 465 2585 ita
488 2520 594 2583 dicunt
617 2539 706 2593 esse,
730 2521 768 2582 ist
790 2540 910 2582 eornm
924 2519 1014 2581 bono
1028 2529 1185 2593 veneant,
1208 2518 1261 2600 qut
1277 2518 1455 2600 proscripti
1470 2518 1591 2599 susttqtl

320 2612 352 2679 in
376 2635 506 2678 numero
530 2617 608 2679 Sex.
633 2611 782 2678 Roscius.
796 2634 860 2677 uon
880 2622 946 2680 est:
981 2624 1044 2675 ortt
1065 2633 1203 2686 eorum,
1226 2611 1343 2695 quiin
1363 2605 1591 2697 necessariori

315 2708 503 2791 praesidiis
525 2707 629 2772 occini
650 2718 743 2771 suut.
766 2738 808 2753 -·-
829 2740 871 2753 -
894 2740 934 2754 —-
971 2706 1100 2789 Opinur
1122 2724 1191 2769 esse
1212 2705 1243 2767 iu
1269 2706 1356 2789 lege,
1389 2726 1485 2789 qum
1506 2694 1591 2767 addet

320 2800 577 2884 proscriptiones
609 2801 870 2884 venditionesque
897 2799 993 2862 finnt:
1028 2800 1173 2862 uituirtuu
1204 2821 1246 2860 un
1277 2799 1467 2863 Kuusuoss
1500 2780 1591 2871 loutul

319 2916 381 2977 pro
405 2896 484 2961 Sex.
510 2895 633 2961 Roscio
657 2880 713 2971 ta}
739 2894 926 2960 125-128.
971 2893 1071 2959 Conl.
1103 2896 1142 2956 de
1170 2894 1240 2977 lege
1269 2915 1340 2978 sgr.
1371 2894 1441 2958 ΙΙΙ.
1463 2893 1500 2967 2,
1523 2891 1550 2952 6.
1565 2880 1587 2946 ll

208 3028 215 3037 -
319 2987 357 3062 2,
381 2988 414 3053 8.
438 2989 505 3054 ΙΙΙ.
530 2990 566 3064 2,
592 2989 644 3053 12.
668 3021 708 3032 -
733 2987 926 3073 „Adiectum
951 2989 1060 3063 etisut,
1085 2999 1125 3050 ut
1145 2988 1236 3050 douo
1254 2989 1534 3071 proscriptorum
1549 2998 1576 3041 ve

319 3093 412 3160 rent,
442 3083 644 3168 excitarique
661 3082 819 3165 paternis
839 3082 962 3165 opibus
984 3082 1082 3145 libori
1103 3082 1207 3145 etiam
1225 3081 1459 3164 potentiorum
1481 3082 1559 3142 ltoun

319 3176 395 3239 istro
413 3178 697 3259 prohiberentur,
722 3176 889 3261 simulque
911 3187 1110 3239 senatorum
1124 3175 1202 3254 fitis·
1223 3187 1380 3238 etonem
1394 3170 1556 3240 ordinist

310 3280 439 3334 uerunt
460 3282 493 3333 et
514 3271 595 3334 iuro
613 3269 832 3354 perderent.''
877 3270 995 3339 Vellei.
1018 3270 1067 3335 11.
1091 3271 1145 3337 29.
1169 3299 1209 3314 -··
1241 3268 1343 3335 Cool.
1367 3268 1537 3345 Plutarch.
1556 3261 1583 3361 S¹

320 3386 351 3427 c.
375 3364 428 3428 31.
452 3396 493 3409 -
520 3365 627 3446 „Quid
647 3365 808 3443 crudelius
830 3384 923 3448 quatu
947 3366 1090 3428 lrotniucs
1111 3363 1254 3430 honestis
1280 3365 1471 3446 pereuntibus
1494 3381 1528 3423 se
1546 3377 1569 3419 u

319 3459 408 3521 ribus
431 3472 522 3524 ustos
545 3480 561 3520 a
584 3459 769 3541 republica
791 3456 998 3522 submoveri?
1022 3459 1133 3542 ltaque
1152 3460 1262 3522 durum
1286 3458 1318 3521 id
1342 3480 1413 3522 esse
1435 3472 1565 3520 ettmntut

319 3556 556 3618 tractandorum
579 3553 754 3617 animorum
778 3552 898 3615 artifex
920 3550 1053 3631 (Cicero
1076 3555 1108 3615 in
1130 3552 1278 3617 oratioue
1304 3553 1346 3616 dc
1367 3526 1591 3635 proscriptioni

178 3667 183 3677 ’
318 3646 449 3726 liberis)
477 3647 663 3712 confltetur:
701 3649 758 3710 sed
788 3645 828 3709 ita
858 3646 983 3730 legibus
1010 3649 1125 3713 Stellae
1153 3650 1329 3712 cohaerere
1363 3657 1487 3710 statum
1514 3610 1591 3704 ciciol

318 3740 556 3901 pffirmishgbut
573 3741 620 3805 his
649 3741 762 3805 solutis
791 3750 877 3803 sture
905 3739 974 3823 ipss
1007 3762 1071 3806 oon
1103 3740 1240 3823 possit.''
1295 3740 1438 3822 Quintil.
1472 3722 1591 3807 lusti

376 3879 385 3899 ⁸
436 3878 446 3913 ’
516 3879 525 3898 ⁸
775 3886 780 3901 '
1590 3916 1591 3937 t

490 3988 688 4099 Conueops
709 3994 892 4080 agrariae,

302 4116 436 4203 ,qrribus
458 4119 530 4203 agri
555 4116 765 4201 perduellium
790 4117 943 4200 publicati
964 4115 1185 4200 veteranisqus
1207 4064 1359 4204 insigniti
1380 4127 1475 4183 stunt.
1519 4111 1591 4180 All

320 4211 495 4371 {eleg-estlsllil
513 4213 659 4370 limidi
684 4213 750 4278 loci
775 4215 814 4278 dc
844 4213 915 4300 lege
938 4235 1007 4297 egr.
1030 4213 1118 4279 Rutili
1140 4213 1189 4278 11.
1213 4214 1272 4291 28,
1296 4213 1348 4276 ts.
1374 4212 1447 4277 111.
1470 4210 1508 4287 2,
1531 4207 1558 4270 6.
1575 4186 1591 4267 ll

351 4348 361 4381 s
408 4348 418 4371 ο
499 4351 507 4370 ·
561 4350 572 4383 s
641 4351 650 4369 ·
1590 4360 1591 4367 ,

491 4462 673 4530 colurus
690 4465 732 4529 de
753 4464 969 4532 sacerdotiis.

322 4562 328 4573 ·
408 4585 496 4668 „His
511 4590 622 4651 decem
638 4587 726 4651 cunis
743 4586 867 4653 victore
882 4591 980 4655 Sulla
995 4587 1143 4654 civilibus
1164 4587 1254 4653 bellis
1270 4564 1430 4672 spoliatus
1450 4598 1501 4653 est
1515 4598 1589 4667 popl

321 4678 486 4747 Romanus
507 4686 666 4763 potestate
687 4679 876 4759 tribunicia,
899 4682 1058 4749 iudicandi
1079 4684 1169 4758 iure,
1199 4684 1337 4755 arbitrio
1362 4668 1591 4747 cresudoruul

322 4777 504 4853 cerdotum,
528 4787 656 4839 senatus
678 4788 731 4839 sttt
753 4775 924 4841 iudicum.'’
968 4780 1253 4853 Pseudo-Ancon.
1276 4777 1308 4841 in
1329 4776 1449 4844 Diriu.
1473 4797 1510 4860 p.
1533 4763 1591 4833 tol.

407 4869 486 4933 vul.
510 4889 606 4952 supra
628 4869 703 4937 Lis.
725 4868 813 4955 Epit.
837 4872 1047 4945 Lxxxtx„
1063 4884 1095 4936 st
1115 4872 1286 4949 Donum·
1392 4934 1396 4941 .
