3490 5586
322 372 388 437 370
724 372 876 437 INDEX
897 368 1251 440 FORMULARUM.

329 513 445 578 boloe
478 514 670 595 respondet:
705 512 860 579 audivi.
905 512 969 576 Hie
1000 516 1082 596 apud
1115 512 1250 578 maiores
1283 525 1412 577 nostros
1445 514 1657 578 adhibebatur

329 607 466 689 peritus,
490 627 574 670 nuuc
590 608 736 693 quilibet.
779 607 923 672 Peritum
941 618 1043 672 autem
1061 630 1129 672 esse
1146 626 1275 670 uecesse
1291 620 1339 670 est
1354 622 1441 685 erim,
1466 611 1519 693 qui
1535 610 1659 675 silen-

328 704 421 764 tium
450 701 528 785 quid
556 700 616 778 sit,
645 700 819 786 intelligat:
853 702 884 764 id
911 702 992 764 enim
1023 702 1231 766 silentium
1264 694 1393 765 dicimus
1422 703 1454 765 in
1485 704 1656 789 auspiciis,

329 794 417 878 quod
434 795 520 859 omui
534 794 613 860 vitio
629 805 730 859 earet.
775 795 851 859 Hoc
868 795 1046 879 intelligere
1060 797 1197 879 perfecti
1215 795 1344 880 augmis
1360 808 1420 859 cst.
1464 796 1518 860 Illi
1536 808 1657 871 autem,

328 888 438 971 quiin
473 889 645 971 auspicium
676 887 861 964 adhibetur,
897 912 966 952 cum
1001 890 1042 952 ita
1072 886 1245 972 imperavit
1281 889 1327 965 is,
1366 891 1419 974 qui
1452 890 1656 973 auspicatur:

302 980 481 1058 «Dicito,
513 981 548 1045 si
575 981 780 1045 silentium
811 1003 902 1046 esse
936 982 1165 1047 videbitur!
1195 1005 1254 1046 nec
1281 982 1412 1067 suspicit
1434 1004 1494 1047 uec
1517 983 1659 1048 circum·

327 1072 438 1161 spicit:
470 1070 572 1139 statim
596 1072 784 1159 iespondet:
816 1075 1017 1141 silentium
1048 1096 1132 1141 esse
1163 1078 1334 1141 videtur.
1379 1078 1462 1142 'l'um
1487 1078 1556 1142 ille:
1591 1079 1659 1143 Di-

259 1193 264 1203 ·
329 1168 424 1247 cito,
449 1169 481 1234 si
503 1182 732 1254 pascuntur.
756 1202 796 1214 -
819 1170 1058 1235 Pascuntur.
1082 1205 1121 1214 —
1145 1172 1237 1253 Quae
1252 1172 1351 1236 aves?
1374 1171 1509 1236 autnbi.
1554 1172 1657 1236 Attu-

327 1262 382 1339 tit,
405 1262 526 1348 iuquit,
554 1262 587 1327 iu
615 1285 711 1327 cavea
734 1265 839 1347 pullos
865 1265 907 1343 is,
937 1266 989 1350 qui
1013 1287 1053 1328 ex
1076 1282 1116 1329 eo
1139 1265 1211 1348 ipso
1234 1265 1415 1331 nominatur
1440 1264 1656 1349 pullarius.

330 1362 367 1422 de
389 1358 466 1423 Dir.
491 1360 529 1435 2,
553 1360 610 1438 30,
631 1361 684 1422 71.
728 1356 814 1422 Vide
836 1360 936 1444 luge
960 1358 1195 1442 auspicium.
1242 1359 1479 1447 'fripudium
1502 1359 1659 1426 solisti-

329 1476 427 1516 uum.
471 1450 597 1516 Vitio.
1518 1442 1522 1454 ⁸

416 1550 621 1630 Augurum
644 1545 752 1610 libri.
798 1547 881 1610 Vide
904 1546 1121 1612 Consules.

414 1644 618 1726 Augurum
647 1642 846 1723 precatio.
890 1642 929 1704 In
959 1660 1148 1726 augurum
1181 1639 1416 1724 prccalione
1447 1640 1656 1717 Tiberinum,

288 1734 291 1741 ’
333 1736 524 1820 Spinonem,
550 1735 738 1810 Almonem,
768 1734 947 1812 Nodinum,
977 1736 1035 1799 alia
1060 1735 1318 1820 propinquorum
1342 1735 1504 1799 fluminum
1529 1737 1658 1799 nomina

330 1822 484 1903 villeinus.
509 1833 547 1893 de
570 1830 613 1892 N.
636 1827 680 1893 D.
705 1829 742 1904 3,
767 1830 825 1905 20,
851 1829 924 1893 52.-

414 1924 631 2007 Auspieato
655 1925 792 1986 condere
815 1925 937 1988 urbem.
961 1924 998 1987 de
1021 1922 1108 2006 Rep.
1133 1922 1170 2000 2,
1195 1924 1235 1999 3,
1258 1923 1291 1987 5.

413 2018 627 2102 Auspiees.
671 2015 773 2079 Nubit
795 2036 915 2101 genero
938 2034 1051 2081 socrus
1077 2019 1170 2082 nullis
1192 2016 1449 2101 auspicibus,
1474 2014 1570 2081 nullis
1595 2040 1660 2083 au·

329 2110 524 2179 ‘etoribun
552 2133 613 2194 pro
638 2108 786 2174 Cluentio
810 2112 846 2185 5,
872 2111 925 2174 tt.

415 2205 610 2289 Auspices
643 2204 865 2287 nuptiarum
895 2227 977 2268 urtnc
1006 2227 1042 2268 re
1074 2206 1206 2282 omissa,
1238 2224 1351 2271 nomen
1379 2216 1501 2269 tantum
1528 2216 1654 2271 tenent.

329 2302 367 2367 de
387 2301 499 2367 Diuin.
523 2300 560 2373 1,
587 2299 644 2375 16,
670 2299 720 2364 28.
1087 2356 1089 2363 ,

413 2393 619 2476 Auspicia.
655 2394 741 2456 Vide
764 2395 965 2479 Augurum
988 2394 1202 2459 formulae.
1240 2397 1336 2480 iugc
1359 2394 1595 2477 auspicium.
1618 2432 1656 2444 -

329 2493 376 2556 In
398 2487 584 2571 auspicio
606 2509 689 2551 esse.
714 2493 752 2551 ad
767 2490 840 2554 uu.
857 2492 896 2565 2,
913 2490 969 2566 12,
989 2495 1020 2554 1.
1044 2522 1085 2533 -
1106 2488 1244 2554 ilatum
1268 2490 1486 2573 auspicium
1509 2492 1657 2558 faeere.

329 2585 495 2651 deDivio.
514 2584 551 2658 2,
576 2582 636 2658 38,
661 2585 715 2646 80.
738 2616 778 2627 -
802 2584 996 2667 Auspicia
1019 2584 1230 2667 peremnia,
1255 2604 1300 2647 cx
1323 2584 1569 2649 acuminibus
1594 2610 1656 2653 non

258 2752 261 2765 Ι
327 2682 388 2743 iam
418 2684 598 2742 servantur.
636 2679 674 2739 de
696 2678 774 2742 Nat.
797 2677 842 2742 D.
871 2678 908 2756 2,
936 2679 977 2753 3,
1006 2681 1038 2743 9.
1069 2715 1109 2725 -
1143 2679 1297 2744 Contra
1330 2677 1523 2760 auspicia.
1571 2683 1656 2745 Vide

329 2768 495 2841 Senatus
520 2769 725 2835 Consulto.

281 2866 285 2891 ¹
412 2852 705 2933 Avernuucare.
750 2862 813 2930 Dii
836 2876 1114 2931 averrunceut.
1150 2870 1189 2930 ad
1212 2864 1282 2930 Au.
1306 2868 1343 2943 9,
1368 2866 1401 2929 2.
1425 2866 1490 2942 Α.,
1517 2870 1550 2931 1.

320 2972 325 2985 “
415 2966 629 3027 Auertere.
673 2960 758 3022 Vide
789 2960 939 3025 Omina.
975 2993 1015 3003 —
1054 2961 1084 3026 0
1114 2962 1155 3024 dii
1183 2962 1377 3026 iruruortales
1408 2964 1588 3027 avertite
1620 2976 1653 3026 et

329 3054 596 3131 detestamini,
623 3075 790 3138 quaeso,
815 3054 889 3118 hoc
911 3059 1036 3120 omen!
1070 3052 1213 3139 Philipp.
1238 3058 1337 3132 0,“1,
1364 3055 1418 3117 10.

411 3153 612 3215 Avertere
634 3148 798 3229 pecuniam
820 3147 991 3230 publicam.
1036 3152 1135 3213 Verr.
1162 3153 1282 3214 Aecus.
1306 3154 1340 3225 1,
1367 3148 1425 3224 18,
1451 3146 1505 3212 dd.

414 3244 564 3310 Bellum
597 3242 739 3304 iustum
770 3240 967 3326 piumque.
1012 3244 1087 3307 Non
1116 3242 1196 3307 enim
1228 3244 1332 3306 iuste
1364 3242 1508 3324 pieque
1538 3244 1636 3312 betta

351 3337 479 3402 essistis.
514 3339 553 3400 de
581 3337 655 3400 Inv.
686 3337 723 3413 2,
752 3334 810 3413 23,
845 3338 897 3399 to.
928 3369 967 3380 -
1001 3339 1150 3402 Bellum
1182 3339 1370 3403 iniustum
1399 3337 1637 3428 impiumque.

326 3363 471 3499 ilivi'nat.
497 3428 553 3509 19,
577 3428 630 3494 62.

410 3520 515 3590 Beue
538 3539 575 3589 et
598 3549 615 3589 e
638 3525 876 3608 republica.
919 3525 1065 3610 Philipp.
1091 3531 1144 3607 10,
1169 3510 1303 3606 11,125.

408 3620 598 3696 Biennio,
624 3640 699 3705 quo
723 3620 808 3705 quis
831 3631 939 3702 petat
961 3632 1023 3684 cet.
1069 3622 1153 3686 Vide
1175 3624 1262 3686 Lex
1285 3628 1435 3692 'stillim

411 3716 522 3779 Bona
545 3736 623 3777 curn
647 3714 780 3777 venia.
824 3716 897 3779 Vos
923 3735 983 3778 oro
1005 3727 1100 3801 atque
1128 3719 1286 3794 obsecro,
1311 3720 1446 3798 iudices,
1480 3734 1515 3786 ut
1538 3733 1653 3786 attente

318 3808 501 3892 'b'ouuque
524 3831 604 3873 eum
628 3807 741 3873 venia
767 3810 863 3872 verba
885 3829 951 3870 mea
974 3810 1120 3872 erudiatis.
1143 3830 1205 3893 pro
1224 3812 1259 3875 S.
1278 3815 1379 3879 Rosc.
1401 3816 1478 3880 Am.
1500 3818 1538 3895 d,
1565 3816 1600 3882 9.
1616 3850 1654 3862 -·

321 3904 436 3968 Boua
460 3904 574 3965 venia
597 3922 646 3965 rue
669 3902 788 3966 studies.
821 3905 859 3964 de
882 3903 958 3965 Nat.
982 3900 1026 3966 Ῑ).
1052 3907 1087 3980 1,
1113 3903 1172 3980 21,
1197 3905 1250 3971 59.

412 3998 555 4060 Bonam
580 3998 731 4081 copiam
754 3997 931 4070 eitrrare,
952 3996 985 4059 id
1006 4010 1072 4071 est,
1096 3996 1244 4079 profiteri
1266 4022 1300 4063 se
1320 4004 1439 4067 tautum
1459 4020 1524 4068 non
1545 4003 1655 4088 possi·

317 4088 402 4157 'dere
423 4094 511 4177 quod
528 4090 606 4155 satis
628 4092 670 4154 sit
691 4091 799 4155 debito
821 4090 992 4155 solvendo.
1027 4092 1066 4152 ad
1087 4091 1178 4155 Fam.
1202 4094 1239 4168 9,
1266 4095 1323 4171 16,
1350 4100 1380 4160 7.
1659 4148 1662 4157 .

414 4190 526 4252 Bono
550 4198 586 4249 et
608 4206 750 4270 aequo.
788 4186 931 4279 adHcr.
952 4186 999 4260 2,
1017 4186 1067 4247 11.
1095 4186 1145 4247 16.
1192 4189 1275 4250 Vide
1298 4191 1440 4275 Aequo
1468 4202 1505 4255 et
1531 4193 1654 4256 botro.

413 4283 618 4345 Bonorum
640 4279 861 4361 possessio.
895 4279 1042 4343 Postulat
1057 4300 1075 4340 a
1089 4288 1241 4361 praetore
1257 4282 1417 4358 Naevius,
1442 4298 1476 4349 ut
1490 4308 1531 4348 ex
1547 4287 1655 4351 edicto

328 4377 427 4440 bona
456 4373 673 4457 possidere
695 4371 799 4435 liceat.
832 4394 895 4454 pro
918 4371 1069 4452 Quinctio
1093 4375 1128 4448 6,
1154 4375 1206 4437 25.
1231 4376 1275 4438 cs.
1300 4376 1356 4454 29,
1380 4379 1421 4441 88
1443 4391 1474 4442 et
1496 4378 1548 4444 89.

412 4456 610 4531 bonorum
638 4464 933 4551 possessiouem
967 4464 1060 4528 alicui
1081 4466 1146 4529 dat
1168 4480 1313 4551 praetor.
1357 4472 1493 4559 Fragrn.
1516 4495 1550 4556 p.
1577 4476 1652 4538 too.

412 4558 558 4624 Bonum
582 4554 729 4624 u'oitien.
774 4561 813 4622 In
839 4560 999 4621 lustranda
1019 4561 1144 4623 colonia
1165 4564 1204 4623 ab
1226 4584 1284 4638 eo,
1310 4563 1364 4647 qui
1378 4578 1445 4629 eam
1465 4570 1651 4644 deduceret,

329 4669 360 4720 et
382 4676 452 4716 cum
473 4648 653 4734 imperator
678 4653 871 4729 exercitum,
906 4672 1021 4717 censor
1046 4656 1199 4736 populum
1230 4657 1399 4735 lustraret,
1435 4660 1553 4725 bouis
1589 4684 1653 4726 no·

331 4749 518 4822 minibus,
553 4747 606 4830 qui
634 4747 755 4812 hostias
781 4750 949 4823 ducerent,
980 4746 1192 4832 eligebantur.
1239 4749 1335 4829 erod
1356 4752 1437 4817 idem
1467 4758 1498 4819 in
1527 4760 1651 4820 delectu

330 4842 477 4909 consules
510 4842 700 4919 observant,
735 4852 769 4905 ut
795 4841 915 4924 primus
944 4842 1034 4906 miles
1059 4843 1116 4908 fiat
1143 4846 1250 4912 bono
1280 4848 1435 4915 nomine
1465 4851 1647 4933 (Valerius,
