3328 5576
144 449 148 453 ¹
282 366 325 431 α
880 316 1040 430 runnx'

282 507 378 574 animi
398 520 559 596 tamqnam
584 505 799 593 tranquillitas
820 507 935 592 (quiam
959 502 1135 588 appellavit
1154 506 1351 590 εὔθυμον),
1377 524 1419 571 eo
1433 508 1626 591 separanda

280 602 342 669 tuit
375 605 416 667 ab
447 605 507 667 bae
534 603 766 687 disputatione,
802 601 877 686 quia
908 599 969 663 ists
996 598 1088 663 animi
1113 598 1325 684 tranquillitas
1346 597 1419 682 ipsa
1444 610 1493 664 est
1516 603 1623 666 beuta

281 697 386 762 vita.’'
430 701 470 762 de
493 698 590 762 Finn.
611 700 658 763 V.
678 696 718 773 8,
748 696 802 761 23.
826 731 867 742 -
918 694 1050 777 „Quam
1078 694 1221 771 (beatam
1251 686 1370 772 vitem)
1401 693 1429 758 si
1459 694 1557 758 etiam
1591 695 1626 758 in

281 814 388 858 rerum
409 792 595 879 cognitione
616 792 776 875 ponebat,
806 799 911 852 tamen
938 810 979 852 ex
1000 787 1054 851 illa
1078 786 1326 873 investigatione
1347 796 1479 852 naturae
1500 809 1628 854 eonse-

281 890 337 977 qui
367 892 516 965 volebat,
546 890 635 954 bono
663 897 699 950 ut
721 895 805 948 esset
831 883 949 948 auimo.
1003 878 1086 947 Ideo
1112 879 1195 946 enim
1224 880 1278 945 ille
1307 903 1465 945 summum
1492 884 1627 948 bonnm

280 988 440 1071 εὐθυμίαν
456 996 489 1047 et
504 1004 600 1067 saepe
617 986 792 1066 oibapsstev
807 978 964 1063 appellat,
988 976 1022 1040 id
1043 985 1111 1052 est,
1135 973 1271 1043 anboum
1294 987 1422 1040 terrore
1436 975 1599 1063 liberum.
1610 978 1628 1005 ’³

280 1086 320 1147 de
342 1080 437 1146 Finn.
461 1080 508 1143 V.
532 1080 594 1155 29,
616 1077 668 1142 87.

366 1177 736 1260 Εὐλυρῤημονέοτερος,
763 1169 914 1241 liberior,
928 1168 964 1232 in
989 1165 1173 1253 quuendo.
1220 1163 1284 1239 ,In
1307 1162 1424 1248 quibus
1445 1163 1628 1231 versiculis

214 1284 222 1299 ‘
279 1272 308 1339 si
330 1271 389 1336 tibi
415 1271 604 1355 qrribusdam
629 1267 738 1331 verbis
760 1266 1101 1348 ἐὐθορῤημονέσιιρος
1124 1260 1286 1323 videbort
1309 1258 1476 1341 turpitudo
1497 1282 1627 1344 perso·

279 1388 340 1432 nae
362 1366 447 1442 eius,
471 1365 504 1428 in
526 1384 621 1449 quem
644 1360 775 1427 liberius
796 1356 995 1434 invehimur,
1019 1377 1082 1420 nos
1108 1350 1322 1418 vindicabit.'’
1348 1354 1390 1415 ad
1410 1352 1503 1418 Fam.
1527 1355 1626 1421 XII.

280 1462 341 1542 16,
367 1461 400 1525 3.
423 1496 465 1507 -
510 1457 611 1524 Coni.
630 1459 676 1523 ‘O
700 1455 807 1537 σοφὸς
833 1450 1121 1537 εὐθυρῤημονῆσει.

365 1558 554 1641 Εὐκαιρια,
577 1550 842 1637 opportunitas,
865 1546 1019 1621 occasio,
1041 1556 1178 1627 tempus
1193 1541 1341 1607 aetionis
1362 1555 1624 1627 opportunum.

280 1653 334 1729 „0
361 1652 484 1725 Brute,
521 1649 577 1713 ubi
604 1645 663 1711 es?
691 1655 840 1730 quantem
870 1646 1043 1727 εὐκαιρίαν
1071 1636 1237 1702 amittis!'’
1286 1637 1326 1698 ad
1348 1636 1421 1700 Att.
1444 1637 1548 1702 XVI.
1578 1641 1623 1716 8,

279 1749 313 1813 2.
336 1779 378 1791 --
422 1734 686 1829 „Opportunitis
715 1738 783 1820 (sie
805 1736 886 1800 enim
914 1734 1112 1817 appellemus
1134 1732 1328 1818 εὐκαιρίαν)
1359 1750 1424 1794 non
1446 1730 1482 1793 fit
1510 1731 1625 1798 maior

278 1840 493 1928 prodnetIone
514 1832 709 1921 temporis.''
744 1835 784 1895 de
806 1831 904 1897 Fine.
927 1829 997 1892 III.
1022 1829 1081 1905 tt,
1116 1827 1171 1891 15.
1191 1859 1233 1873 -
1283 1825 1453 1906 „Tempus
1475 1827 1624 1893 aetionis

280 1946 499 2020 opportunum
530 1934 655 1998 Graece
687 1932 858 2014 εὐκαιρία,
892 1922 1008 1988 Latine
1036 1921 1217 2006 appellatur
1250 1916 1423 1985 occasio.''
1472 1921 1513 1984 de
1542 1920 1624 1988 Off.

235 2098 236 2101 =
278 2032 310 2097 Ι.
335 2031 630 2214 Μέὐύιύιῖὐότερον,
663 2114 909 2204 opportunius.
961 2110 1084 2195 „Nihil
1112 2110 1345 2198 εὐκαιρότερον
1373 2110 1509 2191 epistola
1539 2124 1624 2198 trra,

280 2243 363 2306 quse
388 2243 437 2285 me
462 2217 703 2284 sollicitando
730 2210 852 2294 Quinto
874 2218 1009 2282 nostro,
1038 2225 1142 2288 puero
1165 2205 1309 2290 optimo,
1338 2213 1430 2276 valde
1451 2208 1594 2274 levavit.
1605 2209 1624 2238 ‘'

280 2318 319 2380 ³³
341 2314 565 2496 Aiitiieiriiiiog„
584 2313 792 2489 ipportww.
848 2397 940 2482 „Hie
975 2398 1303 2485 προῳκονομησάμην
1321 2400 1474 2487 ‘quiddam
1505 2402 1623 2468 eduae

280 2532 344 2597 ρος
374 2509 413 2571 de
441 2505 499 2582 iis,
534 2522 617 2587 quae
642 2500 674 2563 in
698 2495 835 2562 Sestium
866 2493 1105 2576 apparabantur
1129 2489 1305 2556 crimina-’⁹
1354 2497 1394 2558 ad
1423 2494 1467 2575 Q.
1496 2494 1541 2559 ir.
1565 2494 1621 2559 11.

146 2579 157 2601 .
279 2603 318 2677 d,
353 2602 386 2664 t.
409 2635 451 2646 -
504 2600 704 2683 ,Εὔκαιρος
730 2595 770 2655 sd
791 2611 840 2653 me
868 2586 969 2666 venit,
1001 2608 1072 2650 eum
1093 2585 1245 2650 haberem
1272 2588 1492 2668 Dolabellam,
1526 2590 1623 2656 Tor.

279 2694 433 2783 quatus.''
456 2695 495 2757 ad
518 2695 589 2758 Art.
612 2689 716 2754 XIII.
739 2686 776 2761 9,
802 2692 834 2749 1.

366 2790 539 2865 Εὐκόλως,
552 2784 687 2879 sterile.
735 2781 812 2855 ,De
840 2777 949 2843 Attica
976 2775 1118 2858 optime,
1148 2779 1235 2863 quod
1258 2775 1360 2842 levius
1389 2800 1427 2844 ae
1451 2778 1557 2843 levius
1584 2792 1621 2845 et

280 2886 368 2972 quod
389 2884 454 2947 fert
475 2877 653 2955 εὐκόλως.”
698 2878 737 2938 ad
757 2872 831 2938 Att.
854 2871 957 2939 XIII.
981 2871 1042 2945 21,
1068 2873 1100 2933 7.

195 3066 197 3070 ,
365 2982 535 3063 Εὐλογια,
555 2971 747 3058 probabilia
770 2966 875 3032 ratio.
922 2966 1073 3040 ,Lucum
1094 2963 1276 3030 hominibus
1298 2988 1363 3030 non
1384 2989 1458 3031 sane
1482 2968 1622 3050 probo,

280 3075 369 3161 quod
390 3085 439 3136 est
457 3069 633 3133 desertior:
657 3065 714 3128 sed
735 3063 832 3126 babet
854 3058 1047 3145 εὐλογιαν.”
1092 3061 1132 3122 ad
1157 3061 1230 3125 Att.
1250 3063 1352 3126 XIII.
1375 3062 1433 3137 22,
1459 3062 1496 3125 l.

364 3168 530 3252 Εὐλογον,
552 3171 837 3243 consentaneum,
858 3153 1050 3241 probabile.
1088 3156 1222 3231 adNAtt.
1246 3155 1349 3220 XIII.
1374 3156 1411 3230 5,
1436 3157 1468 3218 1.
1489 3184 1531 3197 ·-
1578 3159 1623 3219 ad

78 3354 86 3362 ι
278 3267 351 3331 Au.
375 3263 477 3329 XIII.
502 3264 538 3335 t,
564 3260 595 3321 1.
619 3288 661 3299 -
704 3256 743 3316 ad
765 3257 838 3316 Au.
861 3251 966 3316 XIII.
990 3251 1048 3325 33,
1073 3249 1105 3312 3.
1129 3282 1171 3295 -
1209 3252 1249 3312 ad
1271 3251 1343 3313 Art.
1367 3250 1470 3315 XIV.
1493 3248 1556 3327 22,
1584 3250 1620 3314 2.

319 3420 324 3431 ,
364 3344 549 3441 lens...
573 3352 616 3415 aa
638 3350 712 3413 An.
736 3347 836 3412 xlu.
861 3345 920 3420 rt,
946 3346 978 3408 s.
999 3342 1056 3407 not
1077 3343 1123 3406 se
1144 3344 1219 3407 esa.
1241 3365 1295 3427 p..
1318 3345 1384 3409 seu
1404 3343 1621 3417 notum.-

278 3451 363 3517 rexit
384 3450 578 3535 εὐαγώγοις,
604 3442 782 3509 Lambinus
799 3443 933 3525 εὐαγῶς.
956 3439 1059 3519 Euro]

362 3545 620 3630 Εὐλογιύταιον,
646 3538 800 3603 maxime
821 3528 1139 3616 οοηοιαταηαιιηᾶυ
1152 3532 1238 3597 Illud
1255 3532 1500 3617 εὐλογώτατον,
1521 3532 1615 3596 ilium

278 3642 372 3709 fratri
403 3640 434 3705 iu
458 3634 570 3722 primis
593 3634 662 3698 eius
685 3628 799 3715 legatis
821 3627 963 3693 Iuis'se.''
986 3628 1027 3690 ad
1048 3629 1120 3691 Att.
1143 3625 1245 3690 XIII.
1270 3627 1309 3701 6,
1334 3626 1366 3687 1.

365 3739 518 3804 Εὐλυσια
541 3737 685 3804 κοιλίας,
698 3722 832 3818 facilis
859 3721 989 3787 solutio
1011 3720 1092 3784 oiri.
1138 3718 1299 3803 „Indulge
1320 3718 1491 3784 valetudini
1514 3730 1619 3801 tuae,

278 3833 331 3899 oui
349 3832 477 3919 quidem
498 3839 535 3890 tu
561 3826 687 3897 adbuc,
711 3823 784 3882 dum
808 3816 882 3880 mihi
907 3815 1069 3892 deservis,
1101 3811 1232 3877 servisti
1253 3833 1319 3876 nou
1340 3812 1436 3876 satis:
1471 3836 1509 3879 ea
1533 3817 1622 3901 quid

248 3928 437 4015 postulet,
469 3943 532 3987 non
566 3920 718 4004 ignoras:
748 3921 866 3993 πέψιν,
899 3914 1062 3986 enormi,
1093 3919 1273 3994 περίπατον
1306 3908 1511 3996 σύμμετρον,
1540 3923 1621 3999 τερ-

279 4031 355 4107 φιν,
375 4024 531 4089 εὐλυσίαν
553 4020 692 4088 κοιλίας.
702 4009 721 4037 ”
766 4010 806 4072 od
827 4007 921 4070 Fam.
943 4002 1045 4067 XVI.
1070 4002 1129 4091 ts,
1154 4004 1186 4064 1.

362 4119 548 4202 Εὐμένεια,
583 4104 828 4172 benevolentia.
881 4100 945 4191 „ln
976 4096 1225 4180 reprehensione
1253 4108 1303 4161 est
1334 4094 1504 4179 prudentia
1539 4119 1623 4163 eum

279 4211 465 4297 εὐμενείᾳ.”
511 4208 550 4268 ad
572 4205 644 4268 Au.
668 4199 770 4263 xvl.
795 4199 852 4269 11,
879 4195 911 4257 2.
1302 4250 1306 4263 ἱ

288 4368 292 4373 ,
364 4304 585 4388 Εὐμολπιδῶν
612 4295 758 4381 πάτρια,
794 4286 1084 4370 Eumolpidarum
1113 4285 1203 4348 ritus
1228 4285 1350 4368 patrii.
1401 4285 1555 4368 „chilim
1586 4302 1629 4356 t„

279 4410 394 4486 rogat,
428 4408 460 4461 et
482 4416 546 4480 ego
569 4393 637 4459 eius
658 4399 796 4473 rogatu,
830 4384 1052 4467 Εὐμολπιδῶν
1078 4377 1243 4466 πάιρια.”
1288 4382 1329 4443 ad
1351 4382 1424 4443 Att.
1449 4380 1480 4444 1.
1502 4381 1543 4453 9,
1583 4383 1626 4449 2.

279 4493 492 4575 Eumolpidae
517 4501 590 4554 sunt
613 4485 806 4550 Sacerdotes
831 4498 874 4540 ex
899 4473 1053 4557 Eumolpi
1076 4473 1234 4557 posteris,
1258 4473 1436 4558 dequibus
1461 4472 1530 4538 vid.
1553 4477 1628 4539 do.

279 4603 351 4655 etos
374 4587 462 4651 viros
484 4588 524 4649 ad
543 4579 686 4665 Nepotis
714 4572 931 4646 Alcibiadem,
962 4591 994 4633 e.
1020 4571 1050 4634 I.
1102 4566 1266 4632 Falsterus
1291 4569 1323 4632 in
1350 4568 1627 4636 Amoenitatibus

278 4683 415 4751 feminas
433 4676 543 4744 faeere
564 4673 687 4750 voluit,
720 4679 753 4733 et
777 4678 925 4731 arretores
947 4664 1085 4729 Latinos
1111 4684 1153 4726 ex
1174 4663 1235 4726 hae
1257 4659 1410 4746 opinione
1430 4660 1623 4746 refingere,

278 4782 336 4844 sed
365 4797 433 4842 earn
457 4793 517 4839 nos
544 4769 642 4835 certis
666 4759 861 4850 argumentis
891 4758 1129 4823 confutavimus
1149 4755 1182 4820 in
1205 4756 1298 4822 Actis
1322 4756 1537 4821 Eruditorum
1566 4757 1626 4824 la-

278 4869 362 4942 tinis.
404 4871 510 4936 Unum
536 4865 615 4931 illud
640 4867 771 4946 poterat
787 4853 890 4920 virum
913 4855 1042 4919 doctum
1064 4855 1104 4947 ab
1124 4872 1238 4917 errore
1258 4871 1433 4928 revocare,
1465 4852 1557 4935 qnod
1579 4865 1624 4918 et
