<?xml version="1.0" encoding="UTF-8"?>
<!DOCTYPE html PUBLIC "-//W3C//DTD XHTML 1.0 Transitional//EN"
    "http://www.w3.org/TR/xhtml1/DTD/xhtml1-transitional.dtd">
<html xmlns="http://www.w3.org/1999/xhtml" xml:lang="en" lang="en">
 <head>
  <title>
</title>
<meta http-equiv="Content-Type" content="text/html;charset=utf-8" />
  <meta name='ocr-system' content='tesseract 3.04.00' />
  <meta name='ocr-capabilities' content='ocr_page ocr_carea ocr_par ocr_line ocrx_word'/>
</head>
<body>
  <div class='ocr_page' id='page_1' title='image "./mtulliiciceroni01fabrgoog_0356.png"; bbox 0 0 3490 5586; ppageno 0'>
   <div class='ocr_carea' id='block_1_1' title="bbox 580 380 1424 525">
    <p class='ocr_par' dir='ltr' id='par_1_1' title="bbox 580 380 1424 525">
     <span class='ocr_line' id='line_1_1' title="bbox 580 380 1424 525; baseline -0.005 -30"><span class='ocrx_word' id='word_1_1' title='bbox 580 411 930 525; x_wconf 67' lang='lat' dir='ltr'><strong><em>cresconium</em></strong></span> <span class='ocrx_word' id='word_1_2' title='bbox 1355 380 1424 492; x_wconf 74' lang='lat' dir='ltr'><strong><em>&#39;sss</em></strong></span> 
     </span>
    </p>
   </div>
   <div class='ocr_carea' id='block_1_2' title="bbox 178 563 1426 653">
    <p class='ocr_par' dir='ltr' id='par_1_2' title="bbox 178 563 1426 653">
     <span class='ocr_line' id='line_1_2' title="bbox 178 563 1426 653; baseline -0.009 -12"><span class='ocrx_word' id='word_1_3' title='bbox 178 567 223 641; x_wconf 86' lang='lat' dir='ltr'><strong>P.</strong></span> <span class='ocrx_word' id='word_1_4' title='bbox 248 570 306 639; x_wconf 74' lang='lat'><strong><em>58.</em></strong></span> <span class='ocrx_word' id='word_1_5' title='bbox 325 572 350 637; x_wconf 93' lang='lat' dir='ltr'><strong><em>l.</em></strong></span> <span class='ocrx_word' id='word_1_6' title='bbox 373 571 407 636; x_wconf 88' lang='grc'><strong><em>5.</em></strong></span> <span class='ocrx_word' id='word_1_7' title='bbox 430 569 649 635; x_wconf 77' lang='lat' dir='ltr'><strong><em>tribuniciam</em></strong></span> <span class='ocrx_word' id='word_1_8' title='bbox 677 568 955 635; x_wconf 70' lang='lat' dir='ltr'><strong><em>intercessionem</em></strong></span> <span class='ocrx_word' id='word_1_9' title='bbox 981 566 1123 651; x_wconf 87' lang='lat' dir='ltr'><strong><em>diceret]</em></strong></span> <span class='ocrx_word' id='word_1_10' title='bbox 1155 563 1227 636; x_wconf 76' lang='lat' dir='ltr'><strong><em>Itan</em></strong></span> <span class='ocrx_word' id='word_1_11' title='bbox 1256 566 1426 653; x_wconf 82' lang='lat' dir='ltr'><strong><em>legendum</em></strong></span> 
     </span>
    </p>
   </div>
   <div class='ocr_carea' id='block_1_3' title="bbox 92 653 1382 823">
    <p class='ocr_par' dir='ltr' id='par_1_3' title="bbox 92 653 1382 823">
     <span class='ocr_line' id='line_1_3' title="bbox 92 653 1382 745; baseline -0.005 -21"><span class='ocrx_word' id='word_1_12' title='bbox 92 670 205 745; x_wconf 75' lang='lat' dir='ltr'><strong><em>putet:</em></strong></span> <span class='ocrx_word' id='word_1_13' title='bbox 226 669 268 723; x_wconf 83' lang='lat' dir='ltr'><strong><em>et</em></strong></span> <span class='ocrx_word' id='word_1_14' title='bbox 280 668 403 723; x_wconf 90' lang='lat' dir='ltr'><strong><em>contra</em></strong></span> <span class='ocrx_word' id='word_1_15' title='bbox 423 656 502 722; x_wconf 87' lang='lat' dir='ltr'><strong><em>trib.</em></strong></span> <span class='ocrx_word' id='word_1_16' title='bbox 523 655 548 719; x_wconf 89' lang='lat' dir='ltr'><strong><em>i.</em></strong></span> <span class='ocrx_word' id='word_1_17' title='bbox 572 677 644 719; x_wconf 87' lang='lat' dir='ltr'><strong><em>esse</em></strong></span> <span class='ocrx_word' id='word_1_18' title='bbox 664 655 812 727; x_wconf 73' lang='lat' dir='ltr'><strong><em>disereti</em></strong></span> <span class='ocrx_word' id='word_1_19' title='bbox 833 655 885 719; x_wconf 84' lang='lat' dir='ltr'><strong><em>vel</em></strong></span> <span class='ocrx_word' id='word_1_20' title='bbox 906 654 974 718; x_wconf 86' lang='lat' dir='ltr'><strong><em>sine</em></strong></span> <span class='ocrx_word' id='word_1_21' title='bbox 995 675 1089 731; x_wconf 88' lang='lat' dir='ltr'><strong><em>esse,</em></strong></span> <span class='ocrx_word' id='word_1_22' title='bbox 1114 655 1219 718; x_wconf 87' lang='lat' dir='ltr'><strong><em>deleto</em></strong></span> <span class='ocrx_word' id='word_1_23' title='bbox 1240 653 1382 718; x_wconf 82' lang='lat' dir='ltr'><strong><em>diceret.</em></strong></span> 
     </span>
     <span class='ocr_line' id='line_1_4' title="bbox 182 739 865 823; baseline -0.012 -14"><span class='ocrx_word' id='word_1_24' title='bbox 182 745 224 809; x_wconf 94' lang='lat' dir='ltr'><strong>P.</strong></span> <span class='ocrx_word' id='word_1_25' title='bbox 248 744 301 806; x_wconf 91' lang='grc'><strong><em>58.</em></strong></span> <span class='ocrx_word' id='word_1_26' title='bbox 325 742 350 806; x_wconf 92' lang='grc' dir='ltr'><strong><em>Ι.</em></strong></span> <span class='ocrx_word' id='word_1_27' title='bbox 374 744 405 806; x_wconf 90' lang='grc'><strong><em>6.</em></strong></span> <span class='ocrx_word' id='word_1_28' title='bbox 429 739 499 823; x_wconf 89' lang='lat' dir='ltr'><strong><em>eos]</em></strong></span> <span class='ocrx_word' id='word_1_29' title='bbox 522 761 616 804; x_wconf 89' lang='lat' dir='ltr'><strong><em>cons.</em></strong></span> <span class='ocrx_word' id='word_1_30' title='bbox 639 741 755 806; x_wconf 79' lang='lat' dir='ltr'><strong><em>Ambe.</em></strong></span> <span class='ocrx_word' id='word_1_31' title='bbox 862 746 865 751; x_wconf 77' lang='grc'><strong><em>’</em></strong></span> 
     </span>
    </p>
   </div>
   <div class='ocr_carea' id='block_1_4' title="bbox 182 831 224 979">
    <p class='ocr_par' dir='ltr' id='par_1_4' title="bbox 182 831 224 979">
     <span class='ocr_line' id='line_1_5' title="bbox 182 831 224 901; baseline -0.214 0"><span class='ocrx_word' id='word_1_32' title='bbox 182 831 224 901; x_wconf 87' lang='grc' dir='ltr'><strong><em>Ρ.</em></strong></span> 
     </span>
     <span class='ocr_line' id='line_1_6' title="bbox 182 916 213 979; baseline 0 0"><span class='ocrx_word' id='word_1_33' title='bbox 182 916 213 979; x_wconf 89' lang='grc' dir='ltr'>Ρ</span> 
     </span>
    </p>
   </div>
   <div class='ocr_carea' id='block_1_5' title="bbox 93 823 1431 1509">
    <p class='ocr_par' dir='ltr' id='par_1_5' title="bbox 215 823 1426 997">
     <span class='ocr_line' id='line_1_7' title="bbox 249 823 1423 909; baseline -0.003 -18"><span class='ocrx_word' id='word_1_34' title='bbox 249 828 303 891; x_wconf 91' lang='grc'><strong><em>58.</em></strong></span> <span class='ocrx_word' id='word_1_35' title='bbox 327 826 408 905; x_wconf 60' lang='grc'><strong>1.,6.</strong></span> <span class='ocrx_word' id='word_1_36' title='bbox 432 825 665 906; x_wconf 77' lang='lat' dir='ltr'><strong><em>intendebant]</em></strong></span> <span class='ocrx_word' id='word_1_37' title='bbox 688 826 858 909; x_wconf 58' lang='grc'><strong>1636.-</strong></span> <span class='ocrx_word' id='word_1_38' title='bbox 881 823 1095 887; x_wconf 78' lang='lat' dir='ltr'><strong><em>intentabant</em></strong></span> <span class='ocrx_word' id='word_1_39' title='bbox 1117 823 1232 887; x_wconf 75' lang='lat' dir='ltr'><strong><em>Ambe.</em></strong></span> <span class='ocrx_word' id='word_1_40' title='bbox 1254 824 1371 888; x_wconf 82' lang='lat' dir='ltr'><strong><em>Recte.</em></strong></span> <span class='ocrx_word' id='word_1_41' title='bbox 1415 830 1423 837; x_wconf 82' lang='lat'>‘</span> 
     </span>
     <span class='ocr_line' id='line_1_8' title="bbox 215 908 1426 997; baseline -0.004 -20"><span class='ocrx_word' id='word_1_42' title='bbox 215 957 224 976; x_wconf 97' lang='lat'><strong>.</strong></span> <span class='ocrx_word' id='word_1_43' title='bbox 248 914 303 977; x_wconf 93' lang='grc'><strong><em>58.</em></strong></span> <span class='ocrx_word' id='word_1_44' title='bbox 326 911 352 975; x_wconf 90' lang='grc' dir='ltr'><strong><em>Ι.</em></strong></span> <span class='ocrx_word' id='word_1_45' title='bbox 376 912 429 974; x_wconf 97' lang='grc'><strong><em>17.</em></strong></span> <span class='ocrx_word' id='word_1_46' title='bbox 453 930 510 974; x_wconf 90' lang='lat' dir='ltr'><strong><em>res</em></strong></span> <span class='ocrx_word' id='word_1_47' title='bbox 531 921 689 975; x_wconf 86' lang='lat' dir='ltr'><strong><em>cunctam</em></strong></span> <span class='ocrx_word' id='word_1_48' title='bbox 710 910 879 994; x_wconf 80' lang='lat' dir='ltr'><strong><em>gratiam]</em></strong></span> <span class='ocrx_word' id='word_1_49' title='bbox 902 929 957 973; x_wconf 85' lang='lat' dir='ltr'><strong><em>res</em></strong></span> <span class='ocrx_word' id='word_1_50' title='bbox 971 930 1050 972; x_wconf 86' lang='lat' dir='ltr'><strong><em>eum</em></strong></span> <span class='ocrx_word' id='word_1_51' title='bbox 1064 919 1126 971; x_wconf 88' lang='lat' dir='ltr'><strong><em>ant</em></strong></span> <span class='ocrx_word' id='word_1_52' title='bbox 1140 908 1295 997; x_wconf 75' lang='lat' dir='ltr'><strong><em>gratiam</em></strong></span> <span class='ocrx_word' id='word_1_53' title='bbox 1309 908 1426 972; x_wconf 73' lang='lat' dir='ltr'><strong><em>Ambe.</em></strong></span> 
     </span>
    </p>

    <p class='ocr_par' dir='ltr' id='par_1_6' title="bbox 181 992 1273 1076">
     <span class='ocr_line' id='line_1_9' title="bbox 181 992 1273 1076; baseline -0.007 -12"><span class='ocrx_word' id='word_1_54' title='bbox 181 1000 225 1064; x_wconf 89' lang='lat' dir='ltr'><strong><em>P.</em></strong></span> <span class='ocrx_word' id='word_1_55' title='bbox 248 998 302 1061; x_wconf 86' lang='grc'><strong><em>58.</em></strong></span> <span class='ocrx_word' id='word_1_56' title='bbox 327 997 350 1059; x_wconf 93' lang='grc' dir='ltr'><strong><em>Ι.</em></strong></span> <span class='ocrx_word' id='word_1_57' title='bbox 374 996 427 1059; x_wconf 83' lang='grc'><strong><em>18.</em></strong></span> <span class='ocrx_word' id='word_1_58' title='bbox 449 993 619 1072; x_wconf 84' lang='lat' dir='ltr'><strong><em>solebant]</em></strong></span> <span class='ocrx_word' id='word_1_59' title='bbox 641 1005 865 1059; x_wconf 86' lang='lat' dir='ltr'><strong><em>assueverant</em></strong></span> <span class='ocrx_word' id='word_1_60' title='bbox 888 995 1002 1059; x_wconf 80' lang='lat' dir='ltr'><strong><em>Ambr.</em></strong></span> <span class='ocrx_word' id='word_1_61' title='bbox 1023 993 1135 1076; x_wconf 80' lang='lat' dir='ltr'><strong><em>Lugd.</em></strong></span> <span class='ocrx_word' id='word_1_62' title='bbox 1158 992 1273 1056; x_wconf 86' lang='lat' dir='ltr'><strong><em>R&#39;ecte.</em></strong></span> 
     </span>
    </p>

    <p class='ocr_par' dir='ltr' id='par_1_7' title="bbox 97 1076 1428 1252">
     <span class='ocr_line' id='line_1_10' title="bbox 182 1076 1428 1163; baseline -0.006 -14"><span class='ocrx_word' id='word_1_63' title='bbox 182 1085 225 1149; x_wconf 91' lang='lat' dir='ltr'><strong><em>P.</em></strong></span> <span class='ocrx_word' id='word_1_64' title='bbox 249 1082 303 1145; x_wconf 88' lang='grc'><strong><em>58.</em></strong></span> <span class='ocrx_word' id='word_1_65' title='bbox 327 1082 351 1144; x_wconf 97' lang='grc' dir='ltr'><strong><em>Ι.</em></strong></span> <span class='ocrx_word' id='word_1_66' title='bbox 375 1081 429 1145; x_wconf 94' lang='grc'><strong><em>20.</em></strong></span> <span class='ocrx_word' id='word_1_67' title='bbox 452 1080 650 1144; x_wconf 88' lang='lat' dir='ltr'><strong><em>tribunatus</em></strong></span> <span class='ocrx_word' id='word_1_68' title='bbox 677 1079 752 1143; x_wconf 86' lang='lat' dir='ltr'><strong><em>eius</em></strong></span> <span class='ocrx_word' id='word_1_69' title='bbox 775 1091 939 1163; x_wconf 87' lang='lat' dir='ltr'><strong><em>peractus</em></strong></span> <span class='ocrx_word' id='word_1_70' title='bbox 960 1076 1039 1161; x_wconf 65' lang='lat' dir='ltr'><strong><em>est}</em></strong></span> <span class='ocrx_word' id='word_1_71' title='bbox 1054 1076 1252 1143; x_wconf 79' lang='lat' dir='ltr'><strong><em>tribwrotus</em></strong></span> <span class='ocrx_word' id='word_1_72' title='bbox 1272 1089 1428 1162; x_wconf 89' lang='lat' dir='ltr'><strong><em>tempore</em></strong></span> 
     </span>
     <span class='ocr_line' id='line_1_11' title="bbox 97 1167 597 1252; baseline -0.02 -16"><span class='ocrx_word' id='word_1_73' title='bbox 97 1173 174 1237; x_wconf 88' lang='lat' dir='ltr'><strong><em>eius</em></strong></span> <span class='ocrx_word' id='word_1_74' title='bbox 193 1178 375 1252; x_wconf 89' lang='lat' dir='ltr'><strong><em>peractum</em></strong></span> <span class='ocrx_word' id='word_1_75' title='bbox 395 1176 448 1229; x_wconf 88' lang='lat' dir='ltr'><strong><em>est</em></strong></span> <span class='ocrx_word' id='word_1_76' title='bbox 469 1167 597 1231; x_wconf 75' lang='lat' dir='ltr'><strong><em>Ambe..</em></strong></span> 
     </span>
    </p>

    <p class='ocr_par' dir='ltr' id='par_1_8' title="bbox 93 1248 1431 1509">
     <span class='ocr_line' id='line_1_12' title="bbox 181 1248 1427 1335; baseline -0.007 -15"><span class='ocrx_word' id='word_1_77' title='bbox 181 1256 225 1320; x_wconf 91' lang='lat' dir='ltr'><strong><em>P.</em></strong></span> <span class='ocrx_word' id='word_1_78' title='bbox 249 1252 304 1315; x_wconf 89' lang='grc'><strong><em>62.</em></strong></span> <span class='ocrx_word' id='word_1_79' title='bbox 327 1251 352 1314; x_wconf 95' lang='grc' dir='ltr'><strong><em>Ι.</em></strong></span> <span class='ocrx_word' id='word_1_80' title='bbox 375 1252 408 1314; x_wconf 94' lang='grc'><strong><em>9.</em></strong></span> <span class='ocrx_word' id='word_1_81' title='bbox 432 1272 484 1314; x_wconf 90' lang='lat' dir='ltr'><strong><em>me</em></strong></span> <span class='ocrx_word' id='word_1_82' title='bbox 502 1248 680 1333; x_wconf 87' lang='lat' dir='ltr'><strong><em>praetore]</em></strong></span> <span class='ocrx_word' id='word_1_83' title='bbox 702 1269 726 1311; x_wconf 94' lang='lat' dir='ltr'><strong><em>a</em></strong></span> <span class='ocrx_word' id='word_1_84' title='bbox 746 1270 800 1313; x_wconf 91' lang='lat' dir='ltr'><strong><em>me</em></strong></span> <span class='ocrx_word' id='word_1_85' title='bbox 818 1260 982 1333; x_wconf 89' lang='lat' dir='ltr'><strong><em>praetore</em></strong></span> <span class='ocrx_word' id='word_1_86' title='bbox 1003 1248 1133 1332; x_wconf 65' lang='lat' dir='ltr'><strong><em>Lugdu</em></strong></span> <span class='ocrx_word' id='word_1_87' title='bbox 1158 1251 1245 1335; x_wconf 78' lang='lat' dir='ltr'><strong><em>qirod</em></strong></span> <span class='ocrx_word' id='word_1_88' title='bbox 1261 1271 1337 1314; x_wconf 82' lang='lat' dir='ltr'><strong><em>vere</em></strong></span> <span class='ocrx_word' id='word_1_89' title='bbox 1352 1270 1427 1312; x_wconf 86' lang='lat' dir='ltr'><strong><em>eor·</em></strong></span> 
     </span>
     <span class='ocr_line' id='line_1_13' title="bbox 96 1333 1431 1421; baseline -0.005 -17"><span class='ocrx_word' id='word_1_90' title='bbox 96 1350 265 1404; x_wconf 75' lang='lat' dir='ltr'><strong><em>recturus</em></strong></span> <span class='ocrx_word' id='word_1_91' title='bbox 292 1335 445 1421; x_wconf 76' lang='lat' dir='ltr'><strong><em>sigonio,</em></strong></span> <span class='ocrx_word' id='word_1_92' title='bbox 476 1335 572 1418; x_wconf 89' lang='lat' dir='ltr'><strong><em>apud</em></strong></span> <span class='ocrx_word' id='word_1_93' title='bbox 600 1355 653 1397; x_wconf 92' lang='lat' dir='ltr'><strong><em>me</em></strong></span> <span class='ocrx_word' id='word_1_94' title='bbox 672 1346 888 1418; x_wconf 82' lang='lat' dir='ltr'><strong><em>praetorem:</em></strong></span> <span class='ocrx_word' id='word_1_95' title='bbox 917 1333 948 1396; x_wconf 91' lang='lat' dir='ltr'><strong><em>in</em></strong></span> <span class='ocrx_word' id='word_1_96' title='bbox 972 1333 1211 1416; x_wconf 77' lang='lat' dir='ltr'><strong><em>praepositione</em></strong></span> <span class='ocrx_word' id='word_1_97' title='bbox 1237 1333 1340 1399; x_wconf 73' lang='lat' dir='ltr'><strong><em>facilis</em></strong></span> <span class='ocrx_word' id='word_1_98' title='bbox 1368 1333 1431 1400; x_wconf 83' lang='lat' dir='ltr'><strong><em>init</em></strong></span> 
     </span>
     <span class='ocr_line' id='line_1_14' title="bbox 93 1412 1355 1509; baseline -0.005 -20"><span class='ocrx_word' id='word_1_99' title='bbox 93 1426 222 1509; x_wconf 77' lang='lat' dir='ltr'><strong><em>lapsus,</em></strong></span> <span class='ocrx_word' id='word_1_100' title='bbox 247 1433 280 1483; x_wconf 86' lang='lat' dir='ltr'><strong><em>ct</em></strong></span> <span class='ocrx_word' id='word_1_101' title='bbox 302 1421 332 1484; x_wconf 88' lang='lat' dir='ltr'><strong><em>in</em></strong></span> <span class='ocrx_word' id='word_1_102' title='bbox 355 1441 389 1482; x_wconf 90' lang='lat' dir='ltr'><strong><em>m</em></strong></span> <span class='ocrx_word' id='word_1_103' title='bbox 410 1419 496 1483; x_wconf 80' lang='lat' dir='ltr'><strong><em>finali</em></strong></span> <span class='ocrx_word' id='word_1_104' title='bbox 518 1417 697 1484; x_wconf 75' lang='lat' dir='ltr'><strong><em>sexcenties</em></strong></span> <span class='ocrx_word' id='word_1_105' title='bbox 720 1419 750 1482; x_wconf 88' lang='lat' dir='ltr'><strong><em>in</em></strong></span> <span class='ocrx_word' id='word_1_106' title='bbox 775 1417 920 1483; x_wconf 81' lang='lat' dir='ltr'><strong><em>Asconio</em></strong></span> <span class='ocrx_word' id='word_1_107' title='bbox 942 1412 1108 1501; x_wconf 74' lang='lat' dir='ltr'><strong><em>peccatum</em></strong></span> <span class='ocrx_word' id='word_1_108' title='bbox 1131 1430 1191 1482; x_wconf 84' lang='lat' dir='ltr'><strong><em>est.</em></strong></span> <span class='ocrx_word' id='word_1_109' title='bbox 1236 1421 1324 1486; x_wconf 77' lang='lat' dir='ltr'><strong><em>Rus.</em></strong></span> <span class='ocrx_word' id='word_1_110' title='bbox 1349 1468 1355 1475; x_wconf 83' lang='grc'><strong>.</strong></span> 
     </span>
    </p>
   </div>
   <div class='ocr_carea' id='block_1_6' title="bbox 183 1503 1562 1578">
    <p class='ocr_par' dir='ltr' id='par_1_9' title="bbox 183 1503 1562 1578">
     <span class='ocr_line' id='line_1_15' title="bbox 183 1503 1562 1578; baseline -0.001 -10"><span class='ocrx_word' id='word_1_111' title='bbox 183 1510 226 1573; x_wconf 91' lang='grc' dir='ltr'><strong><em>Ρ.</em></strong></span> <span class='ocrx_word' id='word_1_112' title='bbox 250 1506 305 1569; x_wconf 91' lang='grc'><strong><em>62.</em></strong></span> <span class='ocrx_word' id='word_1_113' title='bbox 328 1507 351 1569; x_wconf 91' lang='grc' dir='ltr'><strong><em>Ι.</em></strong></span> <span class='ocrx_word' id='word_1_114' title='bbox 377 1506 429 1568; x_wconf 89' lang='grc'><strong><em>10.</em></strong></span> <span class='ocrx_word' id='word_1_115' title='bbox 453 1505 600 1568; x_wconf 83' lang='lat' dir='ltr'><strong><em>Alterum</em></strong></span> <span class='ocrx_word' id='word_1_116' title='bbox 623 1504 777 1567; x_wconf 84' lang='lat' dir='ltr'><strong><em>videlicet</em></strong></span> <span class='ocrx_word' id='word_1_117' title='bbox 797 1504 971 1567; x_wconf 89' lang='lat' dir='ltr'><strong><em>tollendum</em></strong></span> <span class='ocrx_word' id='word_1_118' title='bbox 995 1503 1140 1578; x_wconf 88' lang='lat' dir='ltr'><strong><em>videtur,</em></strong></span> <span class='ocrx_word' id='word_1_119' title='bbox 1165 1515 1197 1567; x_wconf 87' lang='lat' dir='ltr'><strong><em>et</em></strong></span> <span class='ocrx_word' id='word_1_120' title='bbox 1219 1517 1360 1568; x_wconf 79' lang='lat' dir='ltr'><strong><em>extrema</em></strong></span> <span class='ocrx_word' id='word_1_121' title='bbox 1383 1503 1431 1566; x_wconf 86' lang='lat' dir='ltr'><strong><em>le·</em></strong></span> <span class='ocrx_word' id='word_1_122' title='bbox 1559 1566 1562 1573; x_wconf 73' lang='grc'>,</span> 
     </span>
    </p>
   </div>
   <div class='ocr_carea' id='block_1_7' title="bbox 87 1586 1485 2103">
    <p class='ocr_par' dir='ltr' id='par_1_10' title="bbox 87 1586 1431 1850">
     <span class='ocr_line' id='line_1_16' title="bbox 94 1586 1431 1681; baseline -0.005 -23"><span class='ocrx_word' id='word_1_123' title='bbox 94 1597 202 1681; x_wconf 82' lang='lat' dir='ltr'><strong><em>genda</em></strong></span> <span class='ocrx_word' id='word_1_124' title='bbox 232 1613 303 1673; x_wconf 75' lang='lat' dir='ltr'><strong><em>cup</em></strong></span> <span class='ocrx_word' id='word_1_125' title='bbox 333 1589 529 1654; x_wconf 77' lang='lat' dir='ltr'><strong><em>exclamendi</em></strong></span> <span class='ocrx_word' id='word_1_126' title='bbox 554 1589 666 1674; x_wconf 82' lang='lat' dir='ltr'><strong><em>signo:</em></strong></span> <span class='ocrx_word' id='word_1_127' title='bbox 702 1592 905 1673; x_wconf 86' lang='lat' dir='ltr'><strong><em>Prospectat</em></strong></span> <span class='ocrx_word' id='word_1_128' title='bbox 934 1588 1088 1653; x_wconf 85' lang='lat' dir='ltr'><strong><em>videlicet</em></strong></span> <span class='ocrx_word' id='word_1_129' title='bbox 1115 1590 1310 1663; x_wconf 84' lang='lat' dir='ltr'><strong><em>Cominius,</em></strong></span> <span class='ocrx_word' id='word_1_130' title='bbox 1346 1586 1431 1676; x_wconf 80' lang='lat' dir='ltr'><strong><em>quid</em></strong></span> 
     </span>
     <span class='ocr_line' id='line_1_17' title="bbox 92 1671 1431 1765; baseline -0.004 -22"><span class='ocrx_word' id='word_1_131' title='bbox 92 1691 239 1764; x_wconf 76' lang='lat' dir='ltr'><strong><em>agatur.</em></strong></span> <span class='ocrx_word' id='word_1_132' title='bbox 295 1675 463 1741; x_wconf 87' lang='lat' dir='ltr'><strong><em>Homines</em></strong></span> <span class='ocrx_word' id='word_1_133' title='bbox 482 1671 641 1765; x_wconf 86' lang='lat' dir='ltr'><strong><em>faeneos</em></strong></span> <span class='ocrx_word' id='word_1_134' title='bbox 672 1672 711 1737; x_wconf 87' lang='lat' dir='ltr'><strong><em>in</em></strong></span> <span class='ocrx_word' id='word_1_135' title='bbox 742 1674 893 1737; x_wconf 90' lang='lat' dir='ltr'><strong><em>medium</em></strong></span> <span class='ocrx_word' id='word_1_136' title='bbox 922 1673 970 1736; x_wconf 91' lang='lat' dir='ltr'><strong><em>ad</em></strong></span> <span class='ocrx_word' id='word_1_137' title='bbox 1006 1674 1211 1741; x_wconf 88' lang='lat' dir='ltr'><strong><em>tentandum</em></strong></span> <span class='ocrx_word' id='word_1_138' title='bbox 1235 1674 1431 1759; x_wconf 85' lang='lat' dir='ltr'><strong><em>periculum</em></strong></span> 
     </span>
     <span class='ocr_line' id='line_1_18' title="bbox 87 1761 1336 1850; baseline -0.003 -20"><span class='ocrx_word' id='word_1_139' title='bbox 87 1765 290 1850; x_wconf 84' lang='lat' dir='ltr'><strong><em>proiectos!</em></strong></span> <span class='ocrx_word' id='word_1_140' title='bbox 332 1761 421 1826; x_wconf 76' lang='lat' dir='ltr'><strong><em>Bru.</em></strong></span> <span class='ocrx_word' id='word_1_141' title='bbox 502 1825 507 1837; x_wconf 76' lang='grc'><em>,</em></span> <span class='ocrx_word' id='word_1_142' title='bbox 1329 1814 1336 1826; x_wconf 89' lang='grc'><strong><em>,</em></strong></span> 
     </span>
    </p>

    <p class='ocr_par' dir='ltr' id='par_1_11' title="bbox 91 1840 1485 2103">
     <span class='ocr_line' id='line_1_19' title="bbox 133 1840 1485 1925; baseline -0.004 -13"><span class='ocrx_word' id='word_1_143' title='bbox 133 1896 138 1901; x_wconf 90' lang='grc'><strong>-</strong></span> <span class='ocrx_word' id='word_1_144' title='bbox 181 1848 225 1912; x_wconf 92' lang='grc' dir='ltr'><strong><em>Ρ.</em></strong></span> <span class='ocrx_word' id='word_1_145' title='bbox 250 1846 304 1910; x_wconf 88' lang='grc'><strong><em>68.</em></strong></span> <span class='ocrx_word' id='word_1_146' title='bbox 326 1845 351 1909; x_wconf 95' lang='grc' dir='ltr'><strong><em>Ι.</em></strong></span> <span class='ocrx_word' id='word_1_147' title='bbox 376 1846 407 1909; x_wconf 89' lang='grc'><strong><em>1.</em></strong></span> <span class='ocrx_word' id='word_1_148' title='bbox 432 1840 599 1910; x_wconf 79' lang='lat' dir='ltr'><strong><em>Ciceronis</em></strong></span> <span class='ocrx_word' id='word_1_149' title='bbox 622 1844 720 1905; x_wconf 83' lang='lat' dir='ltr'><strong><em>verba</em></strong></span> <span class='ocrx_word' id='word_1_150' title='bbox 736 1841 949 1925; x_wconf 81' lang='lat' dir='ltr'><strong><em>probabiliter</em></strong></span> <span class='ocrx_word' id='word_1_151' title='bbox 971 1842 1110 1907; x_wconf 80' lang='lat' dir='ltr'><strong><em>sortasse</em></strong></span> <span class='ocrx_word' id='word_1_152' title='bbox 1131 1842 1177 1907; x_wconf 89' lang='lat' dir='ltr'><strong><em>sic</em></strong></span> <span class='ocrx_word' id='word_1_153' title='bbox 1197 1843 1427 1909; x_wconf 78' lang='lat' dir='ltr'><strong><em>restituentur:</em></strong></span> <span class='ocrx_word' id='word_1_154' title='bbox 1481 1894 1485 1901; x_wconf 91' lang='lat'><strong>.</strong></span> 
     </span>
     <span class='ocr_line' id='line_1_20' title="bbox 93 1927 1432 2019; baseline -0.002 -22"><span class='ocrx_word' id='word_1_155' title='bbox 93 1932 191 2019; x_wconf 81' lang='lat' dir='ltr'><strong><em>Quid</em></strong></span> <span class='ocrx_word' id='word_1_156' title='bbox 196 1933 216 1994; x_wconf 75' lang='grc'><strong>9</strong></span> <span class='ocrx_word' id='word_1_157' title='bbox 237 1930 401 1996; x_wconf 84' lang='lat' dir='ltr'><strong><em>Metellus</em></strong></span> <span class='ocrx_word' id='word_1_158' title='bbox 417 1950 553 1994; x_wconf 88' lang='lat' dir='ltr'><strong><em>summa</em></strong></span> <span class='ocrx_word' id='word_1_159' title='bbox 567 1927 743 1992; x_wconf 89' lang='lat' dir='ltr'><strong><em>nobilitate</em></strong></span> <span class='ocrx_word' id='word_1_160' title='bbox 756 1949 797 1990; x_wconf 90' lang='lat' dir='ltr'><strong><em>ac</em></strong></span> <span class='ocrx_word' id='word_1_161' title='bbox 812 1927 953 2002; x_wconf 86' lang='lat' dir='ltr'><strong><em>virtute,</em></strong></span> <span class='ocrx_word' id='word_1_162' title='bbox 972 1949 1049 1991; x_wconf 90' lang='lat' dir='ltr'><strong><em>cum</em></strong></span> <span class='ocrx_word' id='word_1_163' title='bbox 1066 1928 1118 1991; x_wconf 88' lang='lat' dir='ltr'><strong><em>bis</em></strong></span> <span class='ocrx_word' id='word_1_164' title='bbox 1132 1928 1301 2007; x_wconf 86' lang='lat' dir='ltr'><strong><em>iurasset,</em></strong></span> <span class='ocrx_word' id='word_1_165' title='bbox 1327 1932 1432 2010; x_wconf 87' lang='lat' dir='ltr'><strong><em>semel</em></strong></span> 
     </span>
     <span class='ocr_line' id='line_1_21' title="bbox 91 2012 1450 2103; baseline -0.007 -21"><span class='ocrx_word' id='word_1_166' title='bbox 91 2018 262 2103; x_wconf 80' lang='lat' dir='ltr'><strong><em>privatim</em></strong></span> <span class='ocrx_word' id='word_1_167' title='bbox 277 2020 459 2097; x_wconf 88' lang='lat' dir='ltr'><strong><em>(poscente)</em></strong></span> <span class='ocrx_word' id='word_1_168' title='bbox 469 2025 584 2097; x_wconf 87' lang='lat' dir='ltr'><strong><em>patre,</em></strong></span> <span class='ocrx_word' id='word_1_169' title='bbox 602 2015 729 2076; x_wconf 90' lang='lat' dir='ltr'><strong><em>iterum</em></strong></span> <span class='ocrx_word' id='word_1_170' title='bbox 736 2012 871 2096; x_wconf 88' lang='lat' dir='ltr'><strong><em>publice</em></strong></span> <span class='ocrx_word' id='word_1_171' title='bbox 884 2023 920 2075; x_wconf 87' lang='lat' dir='ltr'><strong><em>et</em></strong></span> <span class='ocrx_word' id='word_1_172' title='bbox 932 2015 1025 2097; x_wconf 80' lang='lat' dir='ltr'><strong><em>lege:</em></strong></span> <span class='ocrx_word' id='word_1_173' title='bbox 1047 2013 1196 2077; x_wconf 88' lang='lat' dir='ltr'><strong><em>deiectus</em></strong></span> <span class='ocrx_word' id='word_1_174' title='bbox 1213 2027 1265 2079; x_wconf 91' lang='lat' dir='ltr'><strong><em>est</em></strong></span> <span class='ocrx_word' id='word_1_175' title='bbox 1279 2017 1450 2081; x_wconf 85' lang='lat' dir='ltr'><strong><em>ratione:.</em></strong></span> 
     </span>
    </p>
   </div>
   <div class='ocr_carea' id='block_1_8' title="bbox 98 2096 1524 2181">
    <p class='ocr_par' dir='ltr' id='par_1_12' title="bbox 98 2096 1524 2181">
     <span class='ocr_line' id='line_1_22' title="bbox 98 2096 1524 2181; baseline -0.001 -16"><span class='ocrx_word' id='word_1_176' title='bbox 98 2123 146 2165; x_wconf 84' lang='lat' dir='ltr'><strong><em>on</em></strong></span> <span class='ocrx_word' id='word_1_177' title='bbox 169 2102 230 2165; x_wconf 69' lang='lat' dir='ltr'><strong><em>vi?</em></strong></span> <span class='ocrx_word' id='word_1_178' title='bbox 252 2099 450 2179; x_wconf 69' lang='lat' dir='ltr'><strong><em>(sunietui)</em></strong></span> <span class='ocrx_word' id='word_1_179' title='bbox 471 2111 508 2162; x_wconf 85' lang='lat' dir='ltr'><strong><em>at</em></strong></span> <span class='ocrx_word' id='word_1_180' title='bbox 528 2099 644 2162; x_wconf 83' lang='lat' dir='ltr'><strong><em>utrius</em></strong></span> <span class='ocrx_word' id='word_1_181' title='bbox 663 2098 894 2181; x_wconf 68' lang='lat' dir='ltr'><strong><em>suspicionem</em></strong></span> <span class='ocrx_word' id='word_1_182' title='bbox 915 2120 962 2161; x_wconf 82' lang='lat' dir='ltr'><strong><em>esc</em></strong></span> <span class='ocrx_word' id='word_1_183' title='bbox 983 2096 1101 2161; x_wconf 83' lang='lat' dir='ltr'><strong><em>animo</em></strong></span> <span class='ocrx_word' id='word_1_184' title='bbox 1123 2099 1213 2163; x_wconf 87' lang='lat' dir='ltr'><strong><em>tollit</em></strong></span> <span class='ocrx_word' id='word_1_185' title='bbox 1241 2113 1274 2165; x_wconf 89' lang='lat' dir='ltr'><strong><em>et</em></strong></span> <span class='ocrx_word' id='word_1_186' title='bbox 1295 2104 1334 2167; x_wconf 82' lang='grc'><strong><em>0.</em></strong></span> <span class='ocrx_word' id='word_1_187' title='bbox 1363 2103 1432 2167; x_wconf 80' lang='grc'><strong>06-</strong></span> <span class='ocrx_word' id='word_1_188' title='bbox 1519 2110 1524 2119; x_wconf 84' lang='grc'><em>“</em></span> 
     </span>
    </p>
   </div>
   <div class='ocr_carea' id='block_1_9' title="bbox 94 2182 1489 4725">
    <p class='ocr_par' dir='ltr' id='par_1_13' title="bbox 100 2182 1432 2335">
     <span class='ocr_line' id='line_1_23' title="bbox 100 2182 1432 2268; baseline -0.002 -15"><span class='ocrx_word' id='word_1_189' title='bbox 100 2188 211 2253; x_wconf 84' lang='lat' dir='ltr'><strong><em>rionis</em></strong></span> <span class='ocrx_word' id='word_1_190' title='bbox 236 2186 347 2249; x_wconf 83' lang='lat' dir='ltr'><strong><em>virtus</em></strong></span> <span class='ocrx_word' id='word_1_191' title='bbox 375 2205 417 2248; x_wconf 87' lang='lat' dir='ltr'><strong><em>ac</em></strong></span> <span class='ocrx_word' id='word_1_192' title='bbox 442 2184 611 2268; x_wconf 83' lang='lat' dir='ltr'><strong><em>dignitas,</em></strong></span> <span class='ocrx_word' id='word_1_193' title='bbox 646 2193 680 2245; x_wconf 87' lang='lat' dir='ltr'><strong><em>et</em></strong></span> <span class='ocrx_word' id='word_1_194' title='bbox 706 2186 749 2267; x_wconf 87' lang='lat' dir='ltr'><strong><em>Q.</em></strong></span> <span class='ocrx_word' id='word_1_195' title='bbox 763 2182 909 2247; x_wconf 81' lang='lat' dir='ltr'><strong><em>Metelli</em></strong></span> <span class='ocrx_word' id='word_1_196' title='bbox 930 2182 1162 2251; x_wconf 79' lang='lat' dir='ltr'><strong><em>adolescentia</em></strong></span> <span class='ocrx_word' id='word_1_197' title='bbox 1189 2185 1237 2249; x_wconf 93' lang='lat' dir='ltr'><strong><em>ad</em></strong></span> <span class='ocrx_word' id='word_1_198' title='bbox 1260 2207 1432 2250; x_wconf 87' lang='lat' dir='ltr'><strong><em>summam</em></strong></span> 
     </span>
     <span class='ocr_line' id='line_1_24' title="bbox 101 2267 826 2335; baseline -0.008 0"><span class='ocrx_word' id='word_1_199' title='bbox 101 2272 238 2335; x_wconf 87' lang='lat' dir='ltr'><strong><em>laudem</em></strong></span> <span class='ocrx_word' id='word_1_200' title='bbox 258 2270 416 2334; x_wconf 88' lang='lat' dir='ltr'><strong><em>omnibus</em></strong></span> <span class='ocrx_word' id='word_1_201' title='bbox 438 2270 539 2333; x_wconf 87' lang='lat' dir='ltr'><strong><em>rebus</em></strong></span> <span class='ocrx_word' id='word_1_202' title='bbox 561 2280 696 2333; x_wconf 84' lang='lat' dir='ltr'><strong><em>ornata.</em></strong></span> <span class='ocrx_word' id='word_1_203' title='bbox 740 2267 826 2330; x_wconf 65' lang='lat' dir='ltr'><strong><em>niu.</em></strong></span> 
     </span>
    </p>

    <p class='ocr_par' dir='ltr' id='par_1_14' title="bbox 188 2351 1125 2437">
     <span class='ocr_line' id='line_1_25' title="bbox 188 2351 1125 2437; baseline -0.004 -17"><span class='ocrx_word' id='word_1_204' title='bbox 188 2358 231 2420; x_wconf 90' lang='lat' dir='ltr'><strong><em>P.</em></strong></span> <span class='ocrx_word' id='word_1_205' title='bbox 253 2356 306 2419; x_wconf 89' lang='grc'><strong><em>68.</em></strong></span> <span class='ocrx_word' id='word_1_206' title='bbox 330 2356 352 2417; x_wconf 90' lang='grc' dir='ltr'><strong><em>Ι.</em></strong></span> <span class='ocrx_word' id='word_1_207' title='bbox 376 2356 408 2419; x_wconf 90' lang='grc'><strong><em>8.</em></strong></span> <span class='ocrx_word' id='word_1_208' title='bbox 432 2375 478 2416; x_wconf 92' lang='lat' dir='ltr'><strong><em>an</em></strong></span> <span class='ocrx_word' id='word_1_209' title='bbox 499 2355 533 2416; x_wconf 87' lang='lat' dir='ltr'><strong><em>vi</em></strong></span> <span class='ocrx_word' id='word_1_210' title='bbox 553 2374 600 2416; x_wconf 85' lang='lat' dir='ltr'><strong><em>an</em></strong></span> <span class='ocrx_word' id='word_1_211' title='bbox 622 2352 709 2432; x_wconf 83' lang='lat' dir='ltr'><strong><em>veri}</em></strong></span> <span class='ocrx_word' id='word_1_212' title='bbox 729 2372 776 2413; x_wconf 92' lang='lat' dir='ltr'><strong><em>an</em></strong></span> <span class='ocrx_word' id='word_1_213' title='bbox 798 2352 831 2414; x_wconf 87' lang='lat' dir='ltr'><strong><em>vi</em></strong></span> <span class='ocrx_word' id='word_1_214' title='bbox 851 2351 899 2413; x_wconf 88' lang='lat' dir='ltr'><strong><em>ad</em></strong></span> <span class='ocrx_word' id='word_1_215' title='bbox 919 2351 992 2415; x_wconf 90' lang='lat' dir='ltr'><strong><em>utri</em></strong></span> <span class='ocrx_word' id='word_1_216' title='bbox 1013 2354 1125 2437; x_wconf 72' lang='lat' dir='ltr'><strong><em>Lugii.</em></strong></span> 
     </span>
    </p>

    <p class='ocr_par' dir='ltr' id='par_1_15' title="bbox 97 2436 1433 2700">
     <span class='ocr_line' id='line_1_26' title="bbox 187 2436 1433 2527; baseline 0 -22"><span class='ocrx_word' id='word_1_217' title='bbox 187 2442 231 2505; x_wconf 90' lang='lat' dir='ltr'><strong><em>P.</em></strong></span> <span class='ocrx_word' id='word_1_218' title='bbox 255 2441 309 2503; x_wconf 89' lang='grc'><strong><em>68.</em></strong></span> <span class='ocrx_word' id='word_1_219' title='bbox 334 2440 356 2502; x_wconf 89' lang='grc' dir='ltr'><strong><em>Ι.</em></strong></span> <span class='ocrx_word' id='word_1_220' title='bbox 382 2440 414 2502; x_wconf 90' lang='grc'><strong><em>6.</em></strong></span> <span class='ocrx_word' id='word_1_221' title='bbox 437 2438 603 2507; x_wconf 81' lang='lat' dir='ltr'><strong><em>desistere</em></strong></span> <span class='ocrx_word' id='word_1_222' title='bbox 623 2437 797 2501; x_wconf 87' lang='lat' dir='ltr'><strong><em>interdum</em></strong></span> <span class='ocrx_word' id='word_1_223' title='bbox 815 2436 935 2500; x_wconf 89' lang='lat' dir='ltr'><strong><em>debere</em></strong></span> <span class='ocrx_word' id='word_1_224' title='bbox 956 2438 999 2499; x_wconf 88' lang='lat' dir='ltr'><strong><em>ab</em></strong></span> <span class='ocrx_word' id='word_1_225' title='bbox 1012 2439 1231 2505; x_wconf 75' lang='lat' dir='ltr'><strong><em>aeeueaione</em></strong></span> <span class='ocrx_word' id='word_1_226' title='bbox 1253 2463 1349 2516; x_wconf 90' lang='lat' dir='ltr'><strong><em>eum,</em></strong></span> <span class='ocrx_word' id='word_1_227' title='bbox 1372 2439 1433 2527; x_wconf 78' lang='lat' dir='ltr'><strong><em>qui</em></strong></span> 
     </span>
     <span class='ocr_line' id='line_1_27' title="bbox 97 2520 1433 2612; baseline 0 -23"><span class='ocrx_word' id='word_1_228' title='bbox 97 2548 212 2612; x_wconf 78' lang='lat' dir='ltr'><strong><em>neqice</em></strong></span> <span class='ocrx_word' id='word_1_229' title='bbox 232 2524 447 2589; x_wconf 83' lang='lat' dir='ltr'><strong><em>acetcsacerit</em></strong></span> <span class='ocrx_word' id='word_1_230' title='bbox 468 2545 574 2608; x_wconf 80' lang='lat' dir='ltr'><strong><em>neque</em></strong></span> <span class='ocrx_word' id='word_1_231' title='bbox 615 2522 720 2586; x_wconf 90' lang='lat' dir='ltr'><strong><em>ecerit</em></strong></span> <span class='ocrx_word' id='word_1_232' title='bbox 735 2520 947 2605; x_wconf 87' lang='lat' dir='ltr'><strong><em>pactionem,</em></strong></span> <span class='ocrx_word' id='word_1_233' title='bbox 971 2521 1063 2585; x_wconf 81' lang='lat' dir='ltr'><strong><em>Rau:</em></strong></span> <span class='ocrx_word' id='word_1_234' title='bbox 1098 2522 1265 2610; x_wconf 87' lang='lat' dir='ltr'><strong><em>inquibus</em></strong></span> <span class='ocrx_word' id='word_1_235' title='bbox 1290 2548 1433 2590; x_wconf 79' lang='lat' dir='ltr'><strong><em>acerua-</em></strong></span> 
     </span>
     <span class='ocr_line' id='line_1_28' title="bbox 97 2608 1412 2700; baseline -0.011 -23"><span class='ocrx_word' id='word_1_236' title='bbox 97 2612 189 2677; x_wconf 83' lang='lat' dir='ltr'><strong><em>verit</em></strong></span> <span class='ocrx_word' id='word_1_237' title='bbox 210 2624 242 2675; x_wconf 88' lang='lat' dir='ltr'><strong><em>ct</em></strong></span> <span class='ocrx_word' id='word_1_238' title='bbox 252 2609 393 2700; x_wconf 74' lang='lat' dir='ltr'><strong><em>jecerit</em></strong></span> <span class='ocrx_word' id='word_1_239' title='bbox 414 2609 510 2672; x_wconf 82' lang='lat' dir='ltr'><strong><em>hebet</em></strong></span> <span class='ocrx_word' id='word_1_240' title='bbox 533 2630 572 2672; x_wconf 87' lang='lat' dir='ltr'><strong><em>eo</em></strong></span> <span class='ocrx_word' id='word_1_241' title='bbox 597 2653 606 2671; x_wconf 95' lang='lat'><strong>.</strong></span> <span class='ocrx_word' id='word_1_242' title='bbox 630 2608 741 2692; x_wconf 79' lang='lat' dir='ltr'><strong><em>Ltigd.</em></strong></span> <span class='ocrx_word' id='word_1_243' title='bbox 766 2611 787 2671; x_wconf 41' lang='lat'><strong><em>¹,</em></strong></span> <span class='ocrx_word' id='word_1_244' title='bbox 1407 2618 1412 2631; x_wconf 63' lang='lat'>⁸</span> 
     </span>
    </p>

    <p class='ocr_par' dir='ltr' id='par_1_16' title="bbox 98 2690 1489 3032">
     <span class='ocr_line' id='line_1_29' title="bbox 186 2690 1433 2784; baseline -0.002 -23"><span class='ocrx_word' id='word_1_245' title='bbox 186 2698 231 2761; x_wconf 88' lang='grc' dir='ltr'><strong><em>Ρ.</em></strong></span> <span class='ocrx_word' id='word_1_246' title='bbox 255 2696 310 2759; x_wconf 90' lang='grc'><strong>68.</strong></span> <span class='ocrx_word' id='word_1_247' title='bbox 334 2695 357 2757; x_wconf 96' lang='grc' dir='ltr'><strong><em>Ι.</em></strong></span> <span class='ocrx_word' id='word_1_248' title='bbox 380 2694 434 2756; x_wconf 79' lang='lat' dir='ltr'><strong><em>u.</em></strong></span> <span class='ocrx_word' id='word_1_249' title='bbox 458 2693 549 2756; x_wconf 85' lang='lat' dir='ltr'><strong><em>inter</em></strong></span> <span class='ocrx_word' id='word_1_250' title='bbox 583 2694 765 2757; x_wconf 85' lang='lat' dir='ltr'><strong><em>Metellum</em></strong></span> <span class='ocrx_word' id='word_1_251' title='bbox 798 2703 831 2754; x_wconf 87' lang='lat' dir='ltr'><strong><em>ct</em></strong></span> <span class='ocrx_word' id='word_1_252' title='bbox 863 2691 1048 2757; x_wconf 82' lang='lat' dir='ltr'><strong><em>Curionem</em></strong></span> <span class='ocrx_word' id='word_1_253' title='bbox 1070 2690 1184 2784; x_wconf 86' lang='lat' dir='ltr'><strong><em>facta</em></strong></span> <span class='ocrx_word' id='word_1_254' title='bbox 1210 2696 1354 2778; x_wconf 88' lang='lat' dir='ltr'><strong><em>pactio,</em></strong></span> <span class='ocrx_word' id='word_1_255' title='bbox 1391 2717 1433 2759; x_wconf 93' lang='lat' dir='ltr'><strong><em>ne</em></strong></span> 
     </span>
     <span class='ocr_line' id='line_1_30' title="bbox 98 2776 1489 2861; baseline -0.001 -15"><span class='ocrx_word' id='word_1_256' title='bbox 98 2781 287 2847; x_wconf 87' lang='lat' dir='ltr'><strong><em>arbitrium</em></strong></span> <span class='ocrx_word' id='word_1_257' title='bbox 313 2780 355 2843; x_wconf 88' lang='lat' dir='ltr'><strong><em>de</em></strong></span> <span class='ocrx_word' id='word_1_258' title='bbox 376 2778 532 2842; x_wconf 86' lang='lat' dir='ltr'><strong><em>libertate</em></strong></span> <span class='ocrx_word' id='word_1_259' title='bbox 553 2788 799 2861; x_wconf 79' lang='lat' dir='ltr'><strong><em>perageretur,</em></strong></span> <span class='ocrx_word' id='word_1_260' title='bbox 824 2776 864 2853; x_wconf 84' lang='lat' dir='ltr'><strong><em>(si</em></strong></span> <span class='ocrx_word' id='word_1_261' title='bbox 885 2777 1044 2855; x_wconf 84' lang='lat' dir='ltr'><strong><em>venis)set</em></strong></span> <span class='ocrx_word' id='word_1_262' title='bbox 1060 2789 1175 2841; x_wconf 90' lang='lat' dir='ltr'><strong><em>tamen</em></strong></span> <span class='ocrx_word' id='word_1_263' title='bbox 1195 2780 1251 2845; x_wconf 88' lang='lat' dir='ltr'><strong><em>ille</em></strong></span> <span class='ocrx_word' id='word_1_264' title='bbox 1275 2781 1311 2844; x_wconf 86' lang='lat' dir='ltr'><strong><em>in</em></strong></span> <span class='ocrx_word' id='word_1_265' title='bbox 1333 2781 1434 2846; x_wconf 83' lang='lat' dir='ltr'><strong><em>tiber·</em></strong></span> <span class='ocrx_word' id='word_1_266' title='bbox 1485 2826 1489 2835; x_wconf 83' lang='lat'><em>·</em></span> 
     </span>
     <span class='ocr_line' id='line_1_31' title="bbox 101 2862 1432 2947; baseline 0.001 -18"><span class='ocrx_word' id='word_1_267' title='bbox 101 2876 211 2929; x_wconf 85' lang='lat' dir='ltr'><strong><em>tatem</em></strong></span> <span class='ocrx_word' id='word_1_268' title='bbox 243 2865 407 2939; x_wconf 82' lang='lat' dir='ltr'><strong><em>debitam,</em></strong></span> <span class='ocrx_word' id='word_1_269' title='bbox 438 2884 545 2947; x_wconf 81' lang='lat' dir='ltr'><strong><em>neque</em></strong></span> <span class='ocrx_word' id='word_1_270' title='bbox 573 2863 738 2927; x_wconf 86' lang='lat' dir='ltr'><strong><em>Metellus</em></strong></span> <span class='ocrx_word' id='word_1_271' title='bbox 756 2871 931 2944; x_wconf 87' lang='lat' dir='ltr'><strong><em>perstaret</em></strong></span> <span class='ocrx_word' id='word_1_272' title='bbox 954 2862 990 2926; x_wconf 88' lang='lat' dir='ltr'><strong><em>in</em></strong></span> <span class='ocrx_word' id='word_1_273' title='bbox 1015 2864 1235 2929; x_wconf 84' lang='lat' dir='ltr'><strong><em>accusatione</em></strong></span> <span class='ocrx_word' id='word_1_274' title='bbox 1256 2866 1432 2932; x_wconf 78' lang='lat' dir='ltr'><strong><em>Curionis.</em></strong></span> 
     </span>
     <span class='ocr_line' id='line_1_32' title="bbox 100 2945 1042 3032; baseline -0.005 -17"><span class='ocrx_word' id='word_1_275' title='bbox 100 2951 188 3016; x_wconf 82' lang='lat' dir='ltr'><strong><em>Rau.</em></strong></span> <span class='ocrx_word' id='word_1_276' title='bbox 212 2949 295 3014; x_wconf 78' lang='lat' dir='ltr'><strong><em>cos.</em></strong></span> <span class='ocrx_word' id='word_1_277' title='bbox 318 2951 429 3032; x_wconf 79' lang='lat' dir='ltr'><strong><em>Lugd.</em></strong></span> <span class='ocrx_word' id='word_1_278' title='bbox 451 2949 546 3010; x_wconf 82' lang='lat' dir='ltr'><strong><em>hebet</em></strong></span> <span class='ocrx_word' id='word_1_279' title='bbox 569 2958 603 3008; x_wconf 88' lang='lat' dir='ltr'><strong><em>ut</em></strong></span> <span class='ocrx_word' id='word_1_280' title='bbox 624 2949 675 3009; x_wconf 84' lang='lat' dir='ltr'><strong><em>ed.</em></strong></span> <span class='ocrx_word' id='word_1_281' title='bbox 697 2968 749 3028; x_wconf 88' lang='lat' dir='ltr'><strong><em>pr.</em></strong></span> <span class='ocrx_word' id='word_1_282' title='bbox 771 2948 829 3009; x_wconf 85' lang='lat' dir='ltr'><strong><em>sed</em></strong></span> <span class='ocrx_word' id='word_1_283' title='bbox 850 2945 971 3010; x_wconf 88' lang='lat' dir='ltr'><strong><em>omisso</em></strong></span> <span class='ocrx_word' id='word_1_284' title='bbox 992 2958 1042 3015; x_wconf 89' lang='lat' dir='ltr'><strong><em>ut.</em></strong></span> 
     </span>
    </p>

    <p class='ocr_par' dir='ltr' id='par_1_17' title="bbox 189 3031 1431 3116">
     <span class='ocr_line' id='line_1_33' title="bbox 189 3031 1431 3116; baseline 0.001 -17"><span class='ocrx_word' id='word_1_285' title='bbox 189 3036 233 3099; x_wconf 89' lang='lat' dir='ltr'><strong><em>P.</em></strong></span> <span class='ocrx_word' id='word_1_286' title='bbox 256 3036 308 3098; x_wconf 74' lang='lat' dir='ltr'><strong><em>bl.</em></strong></span> <span class='ocrx_word' id='word_1_287' title='bbox 332 3035 354 3096; x_wconf 92' lang='grc' dir='ltr'><strong>Ι.</strong></span> <span class='ocrx_word' id='word_1_288' title='bbox 380 3038 411 3095; x_wconf 87' lang='grc'><strong><em>7.</em></strong></span> <span class='ocrx_word' id='word_1_289' title='bbox 433 3034 482 3097; x_wconf 82' lang='lat' dir='ltr'><strong><em>Ar</em></strong></span> <span class='ocrx_word' id='word_1_290' title='bbox 503 3031 637 3114; x_wconf 88' lang='lat' dir='ltr'><strong><em>tulisse]</em></strong></span> <span class='ocrx_word' id='word_1_291' title='bbox 659 3051 706 3094; x_wconf 88' lang='lat' dir='ltr'><strong><em>an</em></strong></span> <span class='ocrx_word' id='word_1_292' title='bbox 720 3031 840 3094; x_wconf 88' lang='lat' dir='ltr'><strong><em>tulisse</em></strong></span> <span class='ocrx_word' id='word_1_293' title='bbox 855 3033 966 3116; x_wconf 82' lang='lat' dir='ltr'><strong><em>Lugd.</em></strong></span> <span class='ocrx_word' id='word_1_294' title='bbox 984 3068 1025 3080; x_wconf 92' lang='lat'>-</span> <span class='ocrx_word' id='word_1_295' title='bbox 1040 3036 1134 3099; x_wconf 90' lang='lat' dir='ltr'><strong><em>Nam</em></strong></span> <span class='ocrx_word' id='word_1_296' title='bbox 1148 3034 1330 3100; x_wconf 88' lang='lat' dir='ltr'><strong><em>subiecisse</em></strong></span> <span class='ocrx_word' id='word_1_297' title='bbox 1345 3038 1431 3103; x_wconf 76' lang='lat' dir='ltr'><strong><em>Rau.</em></strong></span> 
     </span>
    </p>

    <p class='ocr_par' dir='ltr' id='par_1_18' title="bbox 189 3117 936 3198">
     <span class='ocr_line' id='line_1_34' title="bbox 189 3117 936 3198; baseline -0.007 -13"><span class='ocrx_word' id='word_1_298' title='bbox 189 3121 232 3185; x_wconf 90' lang='grc' dir='ltr'><strong>Ρ.</strong></span> <span class='ocrx_word' id='word_1_299' title='bbox 256 3121 309 3183; x_wconf 82' lang='lat' dir='ltr'><strong><em>et.</em></strong></span> <span class='ocrx_word' id='word_1_300' title='bbox 334 3119 357 3183; x_wconf 90' lang='grc' dir='ltr'><strong><em>Ι.</em></strong></span> <span class='ocrx_word' id='word_1_301' title='bbox 381 3118 414 3182; x_wconf 85' lang='grc'><strong><em>0.</em></strong></span> <span class='ocrx_word' id='word_1_302' title='bbox 437 3117 648 3198; x_wconf 68' lang='lat' dir='ltr'><strong><em>torbessem]</em></strong></span> <span class='ocrx_word' id='word_1_303' title='bbox 669 3120 827 3180; x_wconf 74' lang='lat' dir='ltr'><strong><em>tuaest.</em></strong></span> <span class='ocrx_word' id='word_1_304' title='bbox 850 3117 936 3180; x_wconf 81' lang='lat' dir='ltr'><strong><em>Rau.</em></strong></span> 
     </span>
    </p>

    <p class='ocr_par' dir='ltr' id='par_1_19' title="bbox 187 3200 1220 3289">
     <span class='ocr_line' id='line_1_35' title="bbox 187 3200 1220 3289; baseline -0.001 -19"><span class='ocrx_word' id='word_1_305' title='bbox 187 3206 231 3270; x_wconf 90' lang='lat' dir='ltr'><strong><em>P.</em></strong></span> <span class='ocrx_word' id='word_1_306' title='bbox 256 3206 309 3269; x_wconf 89' lang='grc'><strong><em>65.</em></strong></span> <span class='ocrx_word' id='word_1_307' title='bbox 332 3205 356 3266; x_wconf 90' lang='grc' dir='ltr'><strong><em>Ι.</em></strong></span> <span class='ocrx_word' id='word_1_308' title='bbox 381 3204 414 3266; x_wconf 88' lang='grc'><strong><em>5.</em></strong></span> <span class='ocrx_word' id='word_1_309' title='bbox 434 3200 550 3287; x_wconf 87' lang='lat' dir='ltr'><strong><em>poter]</em></strong></span> <span class='ocrx_word' id='word_1_310' title='bbox 574 3201 629 3269; x_wconf 87' lang='lat' dir='ltr'><strong><em>Sic</em></strong></span> <span class='ocrx_word' id='word_1_311' title='bbox 651 3201 743 3263; x_wconf 81' lang='lat' dir='ltr'><strong><em>etism</em></strong></span> <span class='ocrx_word' id='word_1_312' title='bbox 765 3203 876 3284; x_wconf 84' lang='lat' dir='ltr'><strong><em>Lugd.</em></strong></span> <span class='ocrx_word' id='word_1_313' title='bbox 901 3238 943 3249; x_wconf 90' lang='lat'>—</span> <span class='ocrx_word' id='word_1_314' title='bbox 961 3208 1112 3289; x_wconf 80' lang='lat' dir='ltr'><strong><em>populus</em></strong></span> <span class='ocrx_word' id='word_1_315' title='bbox 1135 3205 1220 3269; x_wconf 81' lang='lat' dir='ltr'><strong><em>Rau.</em></strong></span> 
     </span>
    </p>

    <p class='ocr_par' dir='ltr' id='par_1_20' title="bbox 94 3287 1435 3716">
     <span class='ocr_line' id='line_1_36' title="bbox 187 3287 1433 3374; baseline 0.002 -20"><span class='ocrx_word' id='word_1_316' title='bbox 187 3290 232 3354; x_wconf 92' lang='lat' dir='ltr'><strong><em>P.</em></strong></span> <span class='ocrx_word' id='word_1_317' title='bbox 258 3290 312 3353; x_wconf 89' lang='grc'><strong><em>65.</em></strong></span> <span class='ocrx_word' id='word_1_318' title='bbox 336 3289 357 3350; x_wconf 91' lang='grc' dir='ltr'><strong><em>Ι.</em></strong></span> <span class='ocrx_word' id='word_1_319' title='bbox 383 3289 435 3351; x_wconf 87' lang='grc'><strong><em>11.</em></strong></span> <span class='ocrx_word' id='word_1_320' title='bbox 459 3287 564 3352; x_wconf 79' lang='lat' dir='ltr'><strong><em>Etiam</em></strong></span> <span class='ocrx_word' id='word_1_321' title='bbox 580 3288 653 3350; x_wconf 88' lang='lat' dir='ltr'><strong><em>cod.</em></strong></span> <span class='ocrx_word' id='word_1_322' title='bbox 676 3288 786 3370; x_wconf 80' lang='lat' dir='ltr'><strong><em>Lugd.</em></strong></span> <span class='ocrx_word' id='word_1_323' title='bbox 809 3288 906 3350; x_wconf 81' lang='lat' dir='ltr'><strong><em>hebet</em></strong></span> <span class='ocrx_word' id='word_1_324' title='bbox 920 3291 1127 3374; x_wconf 83' lang='lat' dir='ltr'><strong><em>respublica,</em></strong></span> <span class='ocrx_word' id='word_1_325' title='bbox 1143 3293 1201 3355; x_wconf 85' lang='lat' dir='ltr'><strong><em>sed</em></strong></span> <span class='ocrx_word' id='word_1_326' title='bbox 1221 3292 1345 3357; x_wconf 85' lang='lat' dir='ltr'><strong><em>omissis</em></strong></span> <span class='ocrx_word' id='word_1_327' title='bbox 1359 3291 1433 3371; x_wconf 89' lang='lat' dir='ltr'><strong><em>illis,</em></strong></span> 
     </span>
     <span class='ocr_line' id='line_1_37' title="bbox 94 3371 1435 3462; baseline 0.001 -23"><span class='ocrx_word' id='word_1_328' title='bbox 94 3397 185 3462; x_wconf 68' lang='lat' dir='ltr'><strong><em>quise</em></strong></span> <span class='ocrx_word' id='word_1_329' title='bbox 208 3375 295 3437; x_wconf 86' lang='lat' dir='ltr'><strong><em>inter</em></strong></span> <span class='ocrx_word' id='word_1_330' title='bbox 313 3374 378 3437; x_wconf 86' lang='lat' dir='ltr'><strong><em>boe</em></strong></span> <span class='ocrx_word' id='word_1_331' title='bbox 399 3374 533 3435; x_wconf 86' lang='lat' dir='ltr'><strong><em>verbum</em></strong></span> <span class='ocrx_word' id='word_1_332' title='bbox 556 3371 653 3434; x_wconf 88' lang='lat' dir='ltr'><strong><em>semel</em></strong></span> <span class='ocrx_word' id='word_1_333' title='bbox 677 3371 857 3454; x_wconf 84' lang='lat' dir='ltr'><strong><em>iterumque</em></strong></span> <span class='ocrx_word' id='word_1_334' title='bbox 878 3374 1019 3453; x_wconf 84' lang='lat' dir='ltr'><strong><em>positum</em></strong></span> <span class='ocrx_word' id='word_1_335' title='bbox 1040 3375 1210 3460; x_wconf 77' lang='lat' dir='ltr'><strong><em>leguntur:</em></strong></span> <span class='ocrx_word' id='word_1_336' title='bbox 1233 3399 1297 3459; x_wconf 90' lang='lat' dir='ltr'><strong><em>pro</em></strong></span> <span class='ocrx_word' id='word_1_337' title='bbox 1319 3388 1435 3441; x_wconf 88' lang='lat' dir='ltr'><strong><em>manet</em></strong></span> 
     </span>
     <span class='ocr_line' id='line_1_38' title="bbox 95 3450 1434 3546; baseline 0.001 -21"><span class='ocrx_word' id='word_1_338' title='bbox 95 3462 238 3526; x_wconf 77' lang='lat' dir='ltr'><strong><em>exbibet</em></strong></span> <span class='ocrx_word' id='word_1_339' title='bbox 267 3470 383 3521; x_wconf 88' lang='lat' dir='ltr'><strong><em>monet</em></strong></span> <span class='ocrx_word' id='word_1_340' title='bbox 409 3466 451 3522; x_wconf 90' lang='lat' dir='ltr'><strong><em>et.</em></strong></span> <span class='ocrx_word' id='word_1_341' title='bbox 495 3450 683 3541; x_wconf 81' lang='lat' dir='ltr'><strong><em>Legendu&#39;rn</em></strong></span> <span class='ocrx_word' id='word_1_342' title='bbox 699 3456 788 3519; x_wconf 81' lang='lat' dir='ltr'><strong><em>mihi</em></strong></span> <span class='ocrx_word' id='word_1_343' title='bbox 819 3457 961 3521; x_wconf 81' lang='lat' dir='ltr'><strong><em>videtur:</em></strong></span> <span class='ocrx_word' id='word_1_344' title='bbox 991 3493 1032 3505; x_wconf 86' lang='lat'>-</span> <span class='ocrx_word' id='word_1_345' title='bbox 1064 3460 1158 3544; x_wconf 80' lang='lat' dir='ltr'><strong><em>quod</em></strong></span> <span class='ocrx_word' id='word_1_346' title='bbox 1182 3482 1320 3526; x_wconf 89' lang='lat' dir='ltr'><strong><em>summa</em></strong></span> <span class='ocrx_word' id='word_1_347' title='bbox 1340 3483 1434 3546; x_wconf 92' lang='lat' dir='ltr'><strong><em>resp.</em></strong></span> 
     </span>
     <span class='ocr_line' id='line_1_39' title="bbox 96 3540 1433 3627; baseline 0.001 -18"><span class='ocrx_word' id='word_1_348' title='bbox 96 3567 173 3611; x_wconf 86' lang='lat' dir='ltr'><strong><em>non</em></strong></span> <span class='ocrx_word' id='word_1_349' title='bbox 201 3543 407 3627; x_wconf 86' lang='lat' dir='ltr'><strong><em>accepisset,</em></strong></span> <span class='ocrx_word' id='word_1_350' title='bbox 436 3542 480 3605; x_wconf 91' lang='lat' dir='ltr'><strong><em>ab</em></strong></span> <span class='ocrx_word' id='word_1_351' title='bbox 510 3541 570 3604; x_wconf 88' lang='lat' dir='ltr'><strong><em>illo</em></strong></span> <span class='ocrx_word' id='word_1_352' title='bbox 597 3540 675 3622; x_wconf 89' lang='lat' dir='ltr'><strong><em>ipso</em></strong></span> <span class='ocrx_word' id='word_1_353' title='bbox 695 3540 835 3604; x_wconf 87' lang='lat' dir='ltr'><strong><em>tribuno</em></strong></span> <span class='ocrx_word' id='word_1_354' title='bbox 855 3541 1025 3606; x_wconf 85' lang='lat' dir='ltr'><strong><em>abiectum</em></strong></span> <span class='ocrx_word' id='word_1_355' title='bbox 1046 3556 1116 3617; x_wconf 78' lang='lat' dir='ltr'><strong><em>est,-</em></strong></span> <span class='ocrx_word' id='word_1_356' title='bbox 1150 3545 1276 3610; x_wconf 88' lang='lat' dir='ltr'><strong><em>bonum</em></strong></span> <span class='ocrx_word' id='word_1_357' title='bbox 1297 3559 1433 3622; x_wconf 89' lang='lat' dir='ltr'><strong><em>autem,</em></strong></span> 
     </span>
     <span class='ocr_line' id='line_1_40' title="bbox 99 3625 1245 3716; baseline 0.003 -25"><span class='ocrx_word' id='word_1_358' title='bbox 99 3629 221 3716; x_wconf 77' lang='lat' dir='ltr'><strong><em>quoad</em></strong></span> <span class='ocrx_word' id='word_1_359' title='bbox 242 3649 380 3691; x_wconf 88' lang='lat' dir='ltr'><strong><em>summa</em></strong></span> <span class='ocrx_word' id='word_1_360' title='bbox 400 3648 493 3710; x_wconf 87' lang='lat' dir='ltr'><strong><em>resp.</em></strong></span> <span class='ocrx_word' id='word_1_361' title='bbox 517 3625 683 3699; x_wconf 88' lang='lat' dir='ltr'><strong><em>manebit,</em></strong></span> <span class='ocrx_word' id='word_1_362' title='bbox 707 3625 745 3688; x_wconf 91' lang='lat' dir='ltr'><strong><em>in</em></strong></span> <span class='ocrx_word' id='word_1_363' title='bbox 767 3625 872 3688; x_wconf 85' lang='lat' dir='ltr'><strong><em>uestri</em></strong></span> <span class='ocrx_word' id='word_1_364' title='bbox 893 3628 1027 3692; x_wconf 80' lang='lat' dir='ltr'><strong><em>ordinis</em></strong></span> <span class='ocrx_word' id='word_1_365' title='bbox 1049 3640 1112 3691; x_wconf 86' lang='lat' dir='ltr'><strong><em>cet.</em></strong></span> <span class='ocrx_word' id='word_1_366' title='bbox 1156 3632 1245 3694; x_wconf 75' lang='lat' dir='ltr'><strong><em>Bru.</em></strong></span> 
     </span>
    </p>

    <p class='ocr_par' dir='ltr' id='par_1_21' title="bbox 189 3708 1306 3793">
     <span class='ocr_line' id='line_1_41' title="bbox 189 3708 1306 3793; baseline 0.001 -16"><span class='ocrx_word' id='word_1_367' title='bbox 189 3715 233 3777; x_wconf 90' lang='lat' dir='ltr'><strong><em>P.</em></strong></span> <span class='ocrx_word' id='word_1_368' title='bbox 256 3712 311 3776; x_wconf 92' lang='grc'><strong><em>68.</em></strong></span> <span class='ocrx_word' id='word_1_369' title='bbox 335 3712 358 3775; x_wconf 95' lang='grc' dir='ltr'><strong><em>Ι.</em></strong></span> <span class='ocrx_word' id='word_1_370' title='bbox 382 3712 436 3774; x_wconf 80' lang='lat' dir='ltr'><strong><em>u.</em></strong></span> <span class='ocrx_word' id='word_1_371' title='bbox 459 3712 547 3791; x_wconf 88' lang='lat' dir='ltr'><strong><em>esse]</em></strong></span> <span class='ocrx_word' id='word_1_372' title='bbox 569 3720 621 3773; x_wconf 89' lang='lat' dir='ltr'><strong><em>est</em></strong></span> <span class='ocrx_word' id='word_1_373' title='bbox 643 3710 753 3793; x_wconf 70' lang='lat' dir='ltr'><strong><em>Lugii.</em></strong></span> <span class='ocrx_word' id='word_1_374' title='bbox 776 3711 832 3771; x_wconf 89' lang='lat' dir='ltr'><strong><em>sed</em></strong></span> <span class='ocrx_word' id='word_1_375' title='bbox 853 3709 892 3771; x_wconf 80' lang='lat' dir='ltr'><strong><em>ab</em></strong></span> <span class='ocrx_word' id='word_1_376' title='bbox 916 3711 1017 3775; x_wconf 82' lang='lat' dir='ltr'><strong><em>aliens</em></strong></span> <span class='ocrx_word' id='word_1_377' title='bbox 1041 3708 1133 3776; x_wconf 80' lang='lat' dir='ltr'><strong><em>menn</em></strong></span> <span class='ocrx_word' id='word_1_378' title='bbox 1155 3714 1306 3779; x_wconf 75' lang='lat' dir='ltr'><strong><em>additum.</em></strong></span> 
     </span>
    </p>

    <p class='ocr_par' dir='ltr' id='par_1_22' title="bbox 100 3793 1438 4218">
     <span class='ocr_line' id='line_1_42' title="bbox 191 3793 1435 3874; baseline 0.001 -13"><span class='ocrx_word' id='word_1_379' title='bbox 191 3798 231 3864; x_wconf 88' lang='lat' dir='ltr'><strong>P.</strong></span> <span class='ocrx_word' id='word_1_380' title='bbox 255 3798 309 3860; x_wconf 90' lang='grc'><strong><em>69.</em></strong></span> <span class='ocrx_word' id='word_1_381' title='bbox 333 3797 355 3860; x_wconf 95' lang='grc' dir='ltr'><strong><em>Ι.</em></strong></span> <span class='ocrx_word' id='word_1_382' title='bbox 380 3799 413 3860; x_wconf 88' lang='grc'><strong><em>5.</em></strong></span> <span class='ocrx_word' id='word_1_383' title='bbox 435 3798 482 3861; x_wconf 78' lang='lat' dir='ltr'><strong><em>Et</em></strong></span> <span class='ocrx_word' id='word_1_384' title='bbox 503 3794 638 3858; x_wconf 87' lang='lat' dir='ltr'><strong><em>videtur</em></strong></span> <span class='ocrx_word' id='word_1_385' title='bbox 659 3794 734 3874; x_wconf 71' lang='lat' dir='ltr'><strong><em>cet]</em></strong></span> <span class='ocrx_word' id='word_1_386' title='bbox 759 3793 871 3856; x_wconf 81' lang='lat' dir='ltr'><strong><em>Ausim</em></strong></span> <span class='ocrx_word' id='word_1_387' title='bbox 894 3799 1106 3871; x_wconf 85' lang='lat' dir='ltr'><strong><em>contendere,</em></strong></span> <span class='ocrx_word' id='word_1_388' title='bbox 1132 3809 1163 3860; x_wconf 89' lang='lat' dir='ltr'><strong><em>et</em></strong></span> <span class='ocrx_word' id='word_1_389' title='bbox 1185 3798 1237 3861; x_wconf 82' lang='lat' dir='ltr'><strong><em>liic</em></strong></span> <span class='ocrx_word' id='word_1_390' title='bbox 1259 3799 1435 3863; x_wconf 75' lang='lat' dir='ltr'><strong><em>Aesonium</em></strong></span> 
     </span>
     <span class='ocr_line' id='line_1_43' title="bbox 102 3878 1437 3966; baseline 0.001 -19"><span class='ocrx_word' id='word_1_391' title='bbox 102 3880 332 3964; x_wconf 74' lang='lat' dir='ltr'><strong><em>interpolatum</em></strong></span> <span class='ocrx_word' id='word_1_392' title='bbox 358 3901 446 3956; x_wconf 91' lang='lat' dir='ltr'><strong><em>esse,</em></strong></span> <span class='ocrx_word' id='word_1_393' title='bbox 479 3892 510 3943; x_wconf 90' lang='lat' dir='ltr'><strong><em>et</em></strong></span> <span class='ocrx_word' id='word_1_394' title='bbox 535 3901 617 3963; x_wconf 68' lang='lat' dir='ltr'><strong><em>quiae</em></strong></span> <span class='ocrx_word' id='word_1_395' title='bbox 646 3880 680 3941; x_wconf 88' lang='lat' dir='ltr'><strong>h.</strong></span> <span class='ocrx_word' id='word_1_396' title='bbox 705 3879 728 3941; x_wconf 98' lang='grc' dir='ltr'><strong><em>Ι.</em></strong></span> <span class='ocrx_word' id='word_1_397' title='bbox 752 3879 790 3941; x_wconf 86' lang='lat' dir='ltr'><strong><em>de</em></strong></span> <span class='ocrx_word' id='word_1_398' title='bbox 814 3878 973 3944; x_wconf 85' lang='lat' dir='ltr'><strong><em>Cicerone</em></strong></span> <span class='ocrx_word' id='word_1_399' title='bbox 1003 3882 1167 3958; x_wconf 70' lang='lat' dir='ltr'><strong><em>dictentur,</em></strong></span> <span class='ocrx_word' id='word_1_400' title='bbox 1203 3882 1437 3966; x_wconf 82' lang='lat' dir='ltr'><strong><em>sposterioris</em></strong></span> 
     </span>
     <span class='ocr_line' id='line_1_44' title="bbox 104 3961 1438 4052; baseline 0.004 -24"><span class='ocrx_word' id='word_1_401' title='bbox 104 3966 182 4031; x_wconf 78' lang='lat' dir='ltr'><strong><em>aevi</em></strong></span> <span class='ocrx_word' id='word_1_402' title='bbox 206 3964 414 4052; x_wconf 74' lang='lat' dir='ltr'><strong><em>grammatico</em></strong></span> <span class='ocrx_word' id='word_1_403' title='bbox 442 3967 494 4029; x_wconf 83' lang='lat' dir='ltr'><strong><em>vel</em></strong></span> <span class='ocrx_word' id='word_1_404' title='bbox 524 3966 655 4027; x_wconf 84' lang='lat' dir='ltr'><strong><em>rhetore</em></strong></span> <span class='ocrx_word' id='word_1_405' title='bbox 685 3961 844 4045; x_wconf 81' lang='lat' dir='ltr'><strong><em>adscripta</em></strong></span> <span class='ocrx_word' id='word_1_406' title='bbox 867 3984 950 4027; x_wconf 89' lang='lat' dir='ltr'><strong><em>esse.</em></strong></span> <span class='ocrx_word' id='word_1_407' title='bbox 994 3966 1043 4029; x_wconf 83' lang='lat' dir='ltr'><strong><em>lte</em></strong></span> <span class='ocrx_word' id='word_1_408' title='bbox 1066 3967 1373 4034; x_wconf 57' lang='lat' dir='ltr'><strong><em>destituitur‘oratio</em></strong></span> <span class='ocrx_word' id='word_1_409' title='bbox 1396 3972 1438 4033; x_wconf 84' lang='lat' dir='ltr'><strong><em>ds</em></strong></span> 
     </span>
     <span class='ocr_line' id='line_1_45' title="bbox 103 4047 1435 4138; baseline -0.001 -18"><span class='ocrx_word' id='word_1_410' title='bbox 103 4051 324 4135; x_wconf 79' lang='lat' dir='ltr'><strong><em>Hertupicnm</em></strong></span> <span class='ocrx_word' id='word_1_411' title='bbox 354 4050 518 4132; x_wconf 79' lang='lat' dir='ltr'><strong><em>responsis</em></strong></span> <span class='ocrx_word' id='word_1_412' title='bbox 548 4047 684 4113; x_wconf 84' lang='lat' dir='ltr'><strong><em>Asconii</em></strong></span> <span class='ocrx_word' id='word_1_413' title='bbox 717 4047 924 4114; x_wconf 76' lang='lat' dir='ltr'><strong><em>arietaritete:</em></strong></span> <span class='ocrx_word' id='word_1_414' title='bbox 963 4072 1029 4136; x_wconf 88' lang='lat' dir='ltr'><strong><em>quo</em></strong></span> <span class='ocrx_word' id='word_1_415' title='bbox 1059 4052 1230 4138; x_wconf 85' lang='lat' dir='ltr'><strong><em>cognitore</em></strong></span> <span class='ocrx_word' id='word_1_416' title='bbox 1256 4052 1289 4117; x_wconf 87' lang='lat' dir='ltr'><strong><em>in</em></strong></span> <span class='ocrx_word' id='word_1_417' title='bbox 1318 4053 1435 4120; x_wconf 85' lang='lat' dir='ltr'><strong><em>iudicio</em></strong></span> 
     </span>
     <span class='ocr_line' id='line_1_46' title="bbox 100 4134 1223 4218; baseline -0.014 -14"><span class='ocrx_word' id='word_1_418' title='bbox 100 4138 248 4215; x_wconf 70' lang='lat' dir='ltr'><strong><em>eadsine</em></strong></span> <span class='ocrx_word' id='word_1_419' title='bbox 268 4134 414 4218; x_wconf 81' lang='lat' dir='ltr'><strong><em>inprimis</em></strong></span> <span class='ocrx_word' id='word_1_420' title='bbox 436 4134 565 4198; x_wconf 70' lang='lat' dir='ltr'><strong><em>delens:</em></strong></span> <span class='ocrx_word' id='word_1_421' title='bbox 588 4145 648 4197; x_wconf 90' lang='lat' dir='ltr'><strong><em>est.</em></strong></span> <span class='ocrx_word' id='word_1_422' title='bbox 695 4134 783 4198; x_wconf 75' lang='lat' dir='ltr'><strong><em>Rsu.</em></strong></span> <span class='ocrx_word' id='word_1_423' title='bbox 1221 4158 1223 4163; x_wconf 46' lang='lat'><strong>⁴</strong></span> 
     </span>
    </p>

    <p class='ocr_par' dir='ltr' id='par_1_23' title="bbox 102 4217 1475 4470">
     <span class='ocr_line' id='line_1_47' title="bbox 195 4217 1437 4303; baseline 0.002 -17"><span class='ocrx_word' id='word_1_424' title='bbox 195 4222 239 4286; x_wconf 95' lang='lat' dir='ltr'><strong>P.</strong></span> <span class='ocrx_word' id='word_1_425' title='bbox 263 4222 316 4286; x_wconf 87' lang='grc'><strong><em>69.</em></strong></span> <span class='ocrx_word' id='word_1_426' title='bbox 340 4221 365 4285; x_wconf 95' lang='grc' dir='ltr'><strong><em>Ι.</em></strong></span> <span class='ocrx_word' id='word_1_427' title='bbox 389 4220 442 4284; x_wconf 89' lang='grc'><strong><em>18.</em></strong></span> <span class='ocrx_word' id='word_1_428' title='bbox 467 4220 485 4254; x_wconf 57' lang='grc'><strong>9</strong></span> <span class='ocrx_word' id='word_1_429' title='bbox 507 4231 541 4282; x_wconf 91' lang='lat' dir='ltr'><strong><em>et</em></strong></span> <span class='ocrx_word' id='word_1_430' title='bbox 562 4221 695 4303; x_wconf 81' lang='lat' dir='ltr'><strong><em>collega</em></strong></span> <span class='ocrx_word' id='word_1_431' title='bbox 715 4218 804 4299; x_wconf 89' lang='lat' dir='ltr'><strong><em>eius]</em></strong></span> <span class='ocrx_word' id='word_1_432' title='bbox 826 4217 1021 4303; x_wconf 82' lang='lat' dir='ltr'><strong><em>Intelligitur</em></strong></span> <span class='ocrx_word' id='word_1_433' title='bbox 1038 4218 1193 4301; x_wconf 82' lang='lat' dir='ltr'><strong><em>scriptum</em></strong></span> <span class='ocrx_word' id='word_1_434' title='bbox 1209 4219 1325 4284; x_wconf 79' lang='lat' dir='ltr'><strong><em>fuisse:</em></strong></span> <span class='ocrx_word' id='word_1_435' title='bbox 1358 4244 1382 4284; x_wconf 90' lang='lat' dir='ltr'><strong><em>a</em></strong></span> <span class='ocrx_word' id='word_1_436' title='bbox 1397 4220 1437 4288; x_wconf 82' lang='lat' dir='ltr'><strong>P.</strong></span> 
     </span>
     <span class='ocr_line' id='line_1_48' title="bbox 102 4302 1438 4397; baseline 0.001 -28"><span class='ocrx_word' id='word_1_437' title='bbox 102 4303 288 4397; x_wconf 83' lang='lat' dir='ltr'><strong><em>Africano</em></strong></span> <span class='ocrx_word' id='word_1_438' title='bbox 310 4305 355 4371; x_wconf 90' lang='grc' dir='ltr'><strong><em>ΙΙ.</em></strong></span> <span class='ocrx_word' id='word_1_439' title='bbox 376 4326 447 4369; x_wconf 89' lang='lat' dir='ltr'><strong><em>cos.</em></strong></span> <span class='ocrx_word' id='word_1_440' title='bbox 471 4315 504 4368; x_wconf 91' lang='lat' dir='ltr'><strong><em>et</em></strong></span> <span class='ocrx_word' id='word_1_441' title='bbox 524 4305 658 4387; x_wconf 80' lang='lat' dir='ltr'><strong><em>collega</em></strong></span> <span class='ocrx_word' id='word_1_442' title='bbox 678 4304 772 4376; x_wconf 79' lang='lat' dir='ltr'><strong><em>eius:</em></strong></span> <span class='ocrx_word' id='word_1_443' title='bbox 799 4302 915 4367; x_wconf 79' lang='lat' dir='ltr'><strong><em>iecisse</em></strong></span> <span class='ocrx_word' id='word_1_444' title='bbox 946 4325 1025 4368; x_wconf 87' lang='lat' dir='ltr'><strong><em>vero</em></strong></span> <span class='ocrx_word' id='word_1_445' title='bbox 1048 4303 1128 4367; x_wconf 90' lang='lat' dir='ltr'><strong><em>idem</em></strong></span> <span class='ocrx_word' id='word_1_446' title='bbox 1152 4304 1299 4369; x_wconf 77' lang='lat' dir='ltr'><strong><em>Africani</em></strong></span> <span class='ocrx_word' id='word_1_447' title='bbox 1322 4327 1438 4372; x_wconf 88' lang='lat' dir='ltr'><strong><em>nomen</em></strong></span> 
     </span>
     <span class='ocr_line' id='line_1_49' title="bbox 102 4387 1475 4470; baseline -0.001 -15"><span class='ocrx_word' id='word_1_448' title='bbox 102 4392 141 4455; x_wconf 88' lang='lat' dir='ltr'><strong><em>in</em></strong></span> <span class='ocrx_word' id='word_1_449' title='bbox 165 4391 241 4455; x_wconf 89' lang='lat' dir='ltr'><strong><em>loco</em></strong></span> <span class='ocrx_word' id='word_1_450' title='bbox 264 4388 422 4454; x_wconf 77' lang='lat' dir='ltr'><strong><em>orationis</em></strong></span> <span class='ocrx_word' id='word_1_451' title='bbox 443 4390 483 4452; x_wconf 81' lang='lat' dir='ltr'><strong><em>de</em></strong></span> <span class='ocrx_word' id='word_1_452' title='bbox 504 4389 589 4452; x_wconf 80' lang='lat' dir='ltr'><strong><em>Har.</em></strong></span> <span class='ocrx_word' id='word_1_453' title='bbox 614 4410 719 4470; x_wconf 67' lang='lat' dir='ltr'><strong><em>resp„</em></strong></span> <span class='ocrx_word' id='word_1_454' title='bbox 743 4399 777 4450; x_wconf 88' lang='lat' dir='ltr'><strong><em>ut</em></strong></span> <span class='ocrx_word' id='word_1_455' title='bbox 801 4387 983 4452; x_wconf 81' lang='lat' dir='ltr'><strong><em>intermedia</em></strong></span> <span class='ocrx_word' id='word_1_456' title='bbox 1007 4388 1205 4454; x_wconf 78' lang='lat' dir='ltr'><strong><em>exciderent.</em></strong></span> <span class='ocrx_word' id='word_1_457' title='bbox 1250 4390 1338 4454; x_wconf 68' lang='lat' dir='ltr'><strong><em>llic.</em></strong></span> <span class='ocrx_word' id='word_1_458' title='bbox 1473 4394 1475 4405; x_wconf 82' lang='grc'><strong>“</strong></span> 
     </span>
    </p>

    <p class='ocr_par' dir='ltr' id='par_1_24' title="bbox 102 4472 1437 4640">
     <span class='ocr_line' id='line_1_50' title="bbox 194 4472 1437 4559; baseline 0 -19"><span class='ocrx_word' id='word_1_459' title='bbox 194 4476 238 4540; x_wconf 87' lang='grc' dir='ltr'><strong><em>Ρ.</em></strong></span> <span class='ocrx_word' id='word_1_460' title='bbox 262 4474 315 4538; x_wconf 85' lang='grc'><strong><em>69.</em></strong></span> <span class='ocrx_word' id='word_1_461' title='bbox 339 4474 362 4537; x_wconf 94' lang='grc' dir='ltr'><strong><em>Ι.</em></strong></span> <span class='ocrx_word' id='word_1_462' title='bbox 387 4477 442 4537; x_wconf 87' lang='grc'><strong><em>17.</em></strong></span> <span class='ocrx_word' id='word_1_463' title='bbox 463 4474 534 4554; x_wconf 88' lang='lat' dir='ltr'><strong><em>ius]</em></strong></span> <span class='ocrx_word' id='word_1_464' title='bbox 555 4473 607 4536; x_wconf 86' lang='lat' dir='ltr'><strong><em>vis</em></strong></span> <span class='ocrx_word' id='word_1_465' title='bbox 628 4475 739 4558; x_wconf 84' lang='lat' dir='ltr'><strong><em>Lngd.</em></strong></span> <span class='ocrx_word' id='word_1_466' title='bbox 762 4493 828 4558; x_wconf 87' lang='lat' dir='ltr'><strong><em>quo</em></strong></span> <span class='ocrx_word' id='word_1_467' title='bbox 847 4472 1114 4559; x_wconf 73' lang='lat' dir='ltr'><strong><em>megisspparet,</em></strong></span> <span class='ocrx_word' id='word_1_468' title='bbox 1138 4474 1201 4539; x_wconf 89' lang='lat' dir='ltr'><strong><em>boc</em></strong></span> <span class='ocrx_word' id='word_1_469' title='bbox 1218 4478 1351 4539; x_wconf 87' lang='lat' dir='ltr'><strong><em>verbum</em></strong></span> <span class='ocrx_word' id='word_1_470' title='bbox 1368 4497 1437 4541; x_wconf 89' lang='lat' dir='ltr'><strong><em>esse</em></strong></span> 
     </span>
     <span class='ocr_line' id='line_1_51' title="bbox 102 4552 699 4640; baseline 0.003 -18"><span class='ocrx_word' id='word_1_471' title='bbox 102 4580 150 4622; x_wconf 83' lang='lat' dir='ltr'><strong><em>ex</em></strong></span> <span class='ocrx_word' id='word_1_472' title='bbox 171 4559 341 4622; x_wconf 79' lang='lat' dir='ltr'><strong><em>temerarie</em></strong></span> <span class='ocrx_word' id='word_1_473' title='bbox 363 4557 567 4640; x_wconf 85' lang='lat' dir='ltr'><strong><em>repetitione.</em></strong></span> <span class='ocrx_word' id='word_1_474' title='bbox 612 4552 699 4624; x_wconf 76' lang='lat' dir='ltr'><strong><em>Rlu.</em></strong></span> 
     </span>
    </p>

    <p class='ocr_par' dir='ltr' id='par_1_25' title="bbox 192 4641 1438 4725">
     <span class='ocr_line' id='line_1_52' title="bbox 192 4641 1438 4725; baseline 0.002 -19"><span class='ocrx_word' id='word_1_475' title='bbox 192 4644 235 4708; x_wconf 89' lang='lat' dir='ltr'><strong>P.</strong></span> <span class='ocrx_word' id='word_1_476' title='bbox 261 4646 314 4706; x_wconf 79' lang='lat'><strong>70.</strong></span> <span class='ocrx_word' id='word_1_477' title='bbox 336 4644 361 4705; x_wconf 91' lang='lat' dir='ltr'><strong><em>l.</em></strong></span> <span class='ocrx_word' id='word_1_478' title='bbox 387 4643 437 4706; x_wconf 88' lang='grc'><strong><em>10.</em></strong></span> <span class='ocrx_word' id='word_1_479' title='bbox 461 4641 583 4707; x_wconf 88' lang='lat' dir='ltr'><strong><em>Cicero</em></strong></span> <span class='ocrx_word' id='word_1_480' title='bbox 603 4656 674 4707; x_wconf 83' lang='lat' dir='ltr'><strong><em>cum</em></strong></span> <span class='ocrx_word' id='word_1_481' title='bbox 697 4644 945 4725; x_wconf 86' lang='lat' dir='ltr'><strong><em>reprehenderet</em></strong></span> <span class='ocrx_word' id='word_1_482' title='bbox 967 4642 1097 4708; x_wconf 84' lang='lat' dir='ltr'><strong><em>Servilii</em></strong></span> <span class='ocrx_word' id='word_1_483' title='bbox 1124 4645 1355 4719; x_wconf 84' lang='lat' dir='ltr'><strong><em>temeritatem,</em></strong></span> <span class='ocrx_word' id='word_1_484' title='bbox 1390 4644 1438 4708; x_wconf 87' lang='lat' dir='ltr'><strong><em>vi-</em></strong></span> 
     </span>
    </p>
   </div>
   <div class='ocr_carea' id='block_1_10' title="bbox 104 4718 1627 4812">
    <p class='ocr_par' dir='ltr' id='par_1_26' title="bbox 104 4718 1627 4812">
     <span class='ocr_line' id='line_1_53' title="bbox 104 4718 1627 4812; baseline 0.007 -23"><span class='ocrx_word' id='word_1_485' title='bbox 104 4728 203 4790; x_wconf 76' lang='lat' dir='ltr'><strong><em>detur</em></strong></span> <span class='ocrx_word' id='word_1_486' title='bbox 231 4748 292 4791; x_wconf 80' lang='lat' dir='ltr'><strong><em>stro</em></strong></span> <span class='ocrx_word' id='word_1_487' title='bbox 318 4747 408 4790; x_wconf 86' lang='lat' dir='ltr'><strong><em>more</em></strong></span> <span class='ocrx_word' id='word_1_488' title='bbox 436 4725 649 4811; x_wconf 82' lang='lat' dir='ltr'><strong><em>quaesivisse:</em></strong></span> <span class='ocrx_word' id='word_1_489' title='bbox 687 4749 802 4807; x_wconf 87' lang='lat' dir='ltr'><strong><em>,‚uum,</em></strong></span> <span class='ocrx_word' id='word_1_490' title='bbox 833 4718 906 4811; x_wconf 69' lang='lat' dir='ltr'><strong><em>legi</em></strong></span> <span class='ocrx_word' id='word_1_491' title='bbox 924 4729 1077 4805; x_wconf 79' lang='lat' dir='ltr'><strong><em>recitate,</em></strong></span> <span class='ocrx_word' id='word_1_492' title='bbox 1108 4728 1213 4793; x_wconf 78' lang='lat' dir='ltr'><strong><em>nullus</em></strong></span> <span class='ocrx_word' id='word_1_493' title='bbox 1234 4730 1368 4812; x_wconf 77' lang='lat' dir='ltr'><strong><em>amplisu</em></strong></span> <span class='ocrx_word' id='word_1_494' title='bbox 1389 4742 1438 4794; x_wconf 89' lang='lat' dir='ltr'><strong><em>est</em></strong></span> <span class='ocrx_word' id='word_1_495' title='bbox 1517 4786 1526 4793; x_wconf 85' lang='lat'><strong>.</strong></span> <span class='ocrx_word' id='word_1_496' title='bbox 1621 4780 1627 4799; x_wconf 59' lang='lat'><em>1</em></span> 
     </span>
    </p>
   </div>
   <div class='ocr_carea' id='block_1_11' title="bbox 103 4810 1438 4985">
    <p class='ocr_par' dir='ltr' id='par_1_27' title="bbox 103 4810 1438 4985">
     <span class='ocr_line' id='line_1_54' title="bbox 103 4810 1438 4897; baseline 0.001 -21"><span class='ocrx_word' id='word_1_497' title='bbox 103 4812 329 4877; x_wconf 80' lang='lat' dir='ltr'><strong><em>intercedendi</em></strong></span> <span class='ocrx_word' id='word_1_498' title='bbox 352 4812 463 4889; x_wconf 72' lang='grc'><strong>16666,</strong></span> <span class='ocrx_word' id='word_1_499' title='bbox 488 4823 655 4897; x_wconf 82' lang='lat' dir='ltr'><strong><em>antequam</em></strong></span> <span class='ocrx_word' id='word_1_500' title='bbox 676 4813 705 4874; x_wconf 91' lang='lat' dir='ltr'><strong><em>is</em></strong></span> <span class='ocrx_word' id='word_1_501' title='bbox 727 4812 783 4897; x_wconf 86' lang='lat' dir='ltr'><strong><em>qui</em></strong></span> <span class='ocrx_word' id='word_1_502' title='bbox 804 4812 908 4897; x_wconf 85' lang='lat' dir='ltr'><strong><em>legem</em></strong></span> <span class='ocrx_word' id='word_1_503' title='bbox 929 4812 995 4876; x_wconf 83' lang='lat' dir='ltr'><strong><em>fert</em></strong></span> <span class='ocrx_word' id='word_1_504' title='bbox 1016 4812 1169 4894; x_wconf 88' lang='lat' dir='ltr'><strong><em>populum</em></strong></span> <span class='ocrx_word' id='word_1_505' title='bbox 1191 4814 1307 4879; x_wconf 85' lang='lat' dir='ltr'><strong><em>iubeat</em></strong></span> <span class='ocrx_word' id='word_1_506' title='bbox 1329 4810 1438 4879; x_wconf 89' lang='lat' dir='ltr'><strong><em>disce·</em></strong></span> 
     </span>
     <span class='ocr_line' id='line_1_55' title="bbox 105 4884 1437 4985; baseline 0.001 -23"><span class='ocrx_word' id='word_1_507' title='bbox 105 4896 246 4962; x_wconf 61' lang='lat' dir='ltr'><strong><em>derffl</em></strong></span> <span class='ocrx_word' id='word_1_508' title='bbox 268 4896 384 4984; x_wconf 83' lang='lat' dir='ltr'><strong><em>quibus</em></strong></span> <span class='ocrx_word' id='word_1_509' title='bbox 403 4884 577 4982; x_wconf 71' lang='lat' dir='ltr'><strong><em>iespondet</em></strong></span> <span class='ocrx_word' id='word_1_510' title='bbox 598 4896 637 4961; x_wconf 92' lang='lat' dir='ltr'><strong><em>iis</em></strong></span> <span class='ocrx_word' id='word_1_511' title='bbox 659 4917 740 4983; x_wconf 80' lang='lat' dir='ltr'><strong><em>quse</em></strong></span> <span class='ocrx_word' id='word_1_512' title='bbox 761 4907 940 4982; x_wconf 82' lang='lat' dir='ltr'><strong><em>sequuntur</em></strong></span> <span class='ocrx_word' id='word_1_513' title='bbox 954 4899 1038 4981; x_wconf 77' lang='lat' dir='ltr'><strong><em>spitii</em></strong></span> <span class='ocrx_word' id='word_1_514' title='bbox 1053 4898 1241 4978; x_wconf 83' lang='lat' dir='ltr'><strong><em>Ascanium,</em></strong></span> <span class='ocrx_word' id='word_1_515' title='bbox 1259 4918 1340 4985; x_wconf 71' lang='lat' dir='ltr'><strong><em>quiae</em></strong></span> <span class='ocrx_word' id='word_1_516' title='bbox 1359 4898 1437 4963; x_wconf 83' lang='lat' dir='ltr'><strong><em>mibi</em></strong></span> 
     </span>
    </p>
   </div>
   <div class='ocr_carea' id='block_1_12' title="bbox 0 0 1763 5586">
    <p class='ocr_par' dir='ltr' id='par_1_28' title="bbox 0 0 1763 5586">
     <span class='ocr_line' id='line_1_56' title="bbox 0 0 1763 5586; baseline 0 0"><span class='ocrx_word' id='word_1_517' title='bbox 0 0 1763 5586; x_wconf 95' lang='lat' dir='ltr'><strong><em> </em></strong></span> 
     </span>
    </p>
   </div>
  </div>
 </body>
</html>
