3220 5572
1295 274 1313 309 Ι

141 464 148 477 .
232 371 310 436 ,131
501 358 510 423 '.
726 363 879 429 INDEX
900 362 1081 429 Lunum.

243 509 382 586 dieitur,
407 528 515 574 omnes
538 527 653 572 censeo
674 502 820 588 pervim
842 512 1007 568 etrontra
1031 500 1168 585 auspicia
1191 503 1289 580 letas,
1313 501 1416 588 iisque
1439 503 1569 590 tegibus

245 600 401 688 populum
423 624 486 666 non
508 600 620 666 teneri.
662 599 812 684 Siquam
834 599 937 681 legem
959 597 1001 661 de
1022 597 1106 660 uotis
1120 597 1283 663 Caesaris
1300 597 1568 680 confirmandis,

246 699 330 762 deve
351 696 524 760 dictatura
547 694 583 758 in
600 706 806 779 perpetuum
827 688 993 766 tollenda,
1018 691 1101 754 deve
1122 691 1267 755 coloniis
1287 690 1323 755 in
1337 713 1446 775 ogror
1460 694 1571 759 dedu·

197 824 200 831 >
245 789 382 866 erudis,
405 789 515 853 tulisse
540 790 595 854 Μ.
620 786 780 852 Antonius
802 784 934 859 dieitur,
957 785 1082 847 easdem
1105 784 1194 869 leges
1219 787 1258 847 de
1282 784 1423 869 integro,
1449 797 1485 848 nt
1507 808 1570 869 po·

245 884 355 967 pulum
381 893 521 960 teneant,
553 881 650 946 salvis
673 877 820 963 auspiciis
840 876 920 942 ferri
940 878 1056 961 planet.
1101 877 1252 959 Quamvis
1281 878 1362 940 enim
1390 898 1444 941 res
1465 880 1570 942 hones

246 975 363 1041 vitiose
384 997 443 1058 per
464 977 591 1062 vimque
613 974 740 1053 tulerit,
762 984 866 1035 tamen
888 972 947 1035 hae
968 972 1057 1055 leges
1079 992 1143 1036 non
1165 982 1239 1035 sunt
1260 971 1455 1036 habendae.”
1488 972 1572 1036 Phi·

246 1068 327 1152 lipp.
350 1072 398 1134 V.
422 1071 459 1147 1,
485 1072 538 1133 10.
560 1104 602 1117 -
623 1069 729 1143 „Aeta
752 1066 805 1130 M.
827 1063 962 1131 Antonii
983 1064 1172 1138 rescidistis3
1202 1066 1291 1150 leges
1312 1065 1485 1141 refixistis3
1509 1087 1571 1149 per

245 1162 308 1224 vim
338 1174 371 1225 et
398 1174 510 1226 eontra
539 1162 677 1244 auspicia
707 1161 785 1224 latas
813 1159 1029 1223 decrevistis?
1074 1157 1219 1241 Philipp.
1248 1160 1353 1223 XIll.
1382 1160 1422 1235 3,
1451 1162 1484 1224 5.
1529 1190 1571 1204 -

250 1255 403 1335 „Primus
430 1277 493 1330 ego
515 1259 572 1337 (P.
595 1253 767 1322 Cornelius
788 1252 946 1317 Lentulus
969 1252 1132 1335 Spinther)
1155 1252 1243 1338 leges
1264 1253 1423 1318 Antonias
1444 1252 1570 1338 [κεῖθ’

246 1351 286 1411 ed
307 1349 399 1413 Fam.
422 1351 507 1415 XII.
532 1351 590 1427 11,
614 1349 649 1413 0.
1151 1393 1153 1398 -

602 1506 763 1572 Aur-oum
785 1506 827 1570 de
848 1504 1023 1570 dictatura
1044 1504 1205 1581 tollendo.

331 1629 403 1695 Kal
422 1623 525 1714 νόμον
545 1628 715 1739 ἐπέθηκαν
735 1626 946 1703 (consulere.
969 1650 1002 1692 u.
1029 1629 1102 1694 109.
1109 1630 1181 1739 Μ
1203 1629 1441 1737 Antoniur'P
1464 1631 1573 1696 Dola·

247 1722 357 1802 belle),
389 1656 512 1809 μηδένα
541 1709 649 1831 αὖθις
676 1717 909 1809 ὃνκτάτωραγ
890 1724 1069 1801 venerum,
1099 1717 1184 1812 ἇρας
1212 1746 1245 1788 τε
1276 1719 1494 1833 πνιησαμενοι
1519 1732 1574 1792 καὶ

248 1811 403 1882 θάνατον
433 1811 658 1931 remeandum,
685 1812 729 1881 ἄν
757 1839 806 1892 τις
827 1810 1027 1899 ἐσηγήσηται
1053 1816 1172 1894 τοῦτο,
1202 1810 1312 1883 ἄνθ’
1334 1811 1478 1905 droam,
1517 1823 1572 1884 zoi

247 1911 381 1994 προσέτι
413 1913 469 1974 καὶ
501 1905 658 1997 χρήματα
694 1904 808 1984 αὐτοῖς
843 1903 996 1996 ἄντικρυς
1027 1904 1283 1995 ἐπικηρύξαντες.
1335 1907 1400 1974 Dio
1434 1908 1574 1974 Cassius

249 2001 382 2066 XLIV.
394 2004 507 2066 91.-
531 2005 606 2083 Ad
620 2001 845 2087 ungulareM
861 2002 1005 2066 Antonii
1018 2003 1135 2065 santium
1150 2003 1278 2068 festinet
1293 2016 1411 2067 oratio
1455 2002 1572 2067 Dicte·

246 2107 367 2173 turam,
399 2095 562 2181 quereiam
587 2093 649 2157 uim
678 2095 786 2179 regiae
808 2096 974 2177 potestatis
1003 2098 1188 2172 obsederat,
1219 2095 1381 2159 funditus
1385 2117 1426 2160 ex
1448 2118 1486 2159 re
1513 2119 1573 2182 pu·

248 2187 332 2254 blica
353 2187 513 2253 sustulit.”
556 2187 701 2274 Philipp.
725 2190 756 2253 1.
780 2191 816 2264 1,
839 2189 872 2253 3.
917 2187 1015 2254 Coos.
1036 2211 1132 2273 snpra
1154 2189 1297 2273 Philipp.
1321 2191 1368 2254 V.
1391 2194 1429 2269 h,
1456 2192 1517 2254 10.

737 2349 897 2412 Αιιτοαιιι
917 2346 1074 2432 agraria.

333 2470 444 2551 „Quid
460 2468 492 2532 iu
508 2490 577 2532 eum
595 2489 657 2532 nou
676 2468 774 2544 eadit,
793 2469 864 2552 qni,
884 2468 972 2532 euius
989 2480 1056 2531 anta
1075 2488 1110 2531 se
1129 2467 1301 2532 defendere
1317 2468 1408 2542 dicit,
1428 2469 1504 2532 eius
1521 2492 1572 2534 ers

246 2566 333 2649 leges
355 2563 529 2647 pervertit,
554 2583 632 2646 quos
647 2556 783 2626 ‘maxime
796 2563 926 2625 laudare
945 2572 1144 2645 poteramus.
1189 2563 1249 2626 llle
1267 2560 1416 2641 (Caesar)
1433 2564 1573 2645 paludes

246 2657 367 2722 siccare
389 2657 506 2723 voluit·
539 2655 591 2718 hie
612 2657 681 2737 (Μ.
703 2656 889 2734 Antonius)
912 2677 1034 2718 omnem
1054 2655 1175 2718 ltaliam
1194 2658 1361 2720 moderato
1381 2657 1511 2723 homini
1534 2661 1574 2725 Ι..

219 2800 221 2803 -
246 2748 391 2816 Antonio
413 2748 611 2814 dividendam
633 2748 729 2812 dedit.
775 2747 883 2829 Quid?
903 2749 984 2810 hane
1004 2748 1108 2831 legem
1129 2748 1267 2831 populus
1290 2750 1457 2813 Romanus
1477 2772 1574 2816 reos·

240 2842 317 2954 pit?
346 2841 454 2923 Quid?
475 2863 534 2926 per
556 2840 693 2926 aruspicia
714 2841 795 2907 serri
815 2841 968 2924 potuit?'
1011 2841 1156 2924 Philipp.
1179 2844 1225 2907 V.
1246 2843 1284 2919 3,
1311 2845 1403 2907 7.-
1422 2837 1573 2928 ‘operiri

240 2931 463 3012 Ἀντώνιος
481 2930 539 2999 τὸν
553 2934 711 3047 Καίσαρα
726 2934 964 3016 (Octavianum)
980 2930 1233 3020 αὐξανόμενον
1217 2936 1397 3024 επεχείρησε
1412 2934 1573 3006 deletione

245 3025 285 3096 τὸ
305 3029 455 3146 αλῆθνς,
484 3028 519 3094 εἴ
532 3051 600 3104 πως
621 3028 741 3096 ἐκείνου
762 3054 796 3096 τε
818 3025 939 3106 αὐτους
960 3024 1163 3096 ἀποσπάσειεν
1184 3034 1239 3094 καὶ
1260 3031 1393 3120 ἑαυτῷ.
1384 3028 1575 3117 αροσποεή
1608 3094 1609 3103 ,

246 3138 326 3190 nere
355 3126 411 3197 καὶ
432 3115 545 3212 ’χώραν
567 3115 670 3201 ἄλλην
691 3146 724 3190 τε
745 3120 871 3204 πολλὴν
892 3128 948 3189 και
969 3118 1030 3203 τὴν
1051 3123 1084 3188 ἑν
1106 3126 1175 3201 τοῖς
1196 3125 1282 3190 ἕλεσι
1302 3128 1371 3201 τοῖς
1391 3124 1576 3203 Ποντίνοις

245 3209 288 3293 ὡς
316 3218 527 3303 κεχωσμένοις
553 3210 616 3296 ἤδη
645 3219 700 3282 καὶ
725 3220 948 3307 γεωργεῖσθαι
980 3218 1172 3302 δυναμένοις
1205 3216 1481 3303 κληρονχηῦῆναν
1520 3214 1576 3284 διὸ

244 3309 414 3468 {perpetio}
427 3309 601 3378 Ἀντωνίον
634 3304 782 3402 ἆδιλφον
814 3311 1106 3401 δημαρχονντος
1090 3303 1286 3395 εσηγήσαεο.
1336 3308 1403 3374 Dio
1436 3307 1576 3375 Cassius

716 3516 876 3629 Annorum
898 3562 1094 3628 iudiciaria.

332 3682 480 3765 „Legem
495 3683 587 3748 etiem
601 3682 822 3748 iudiciariam
841 3683 925 3748 tulit.
959 3685 998 3747 In
1018 3706 1084 3769 qno
1099 3706 1157 3749 nos
1175 3683 1301 3748 fefellit.
1330 3683 1575 3769 Autesiguanos

245 3785 278 3839 et
297 3775 510 3857 manipulares
533 3789 563 3841 et
583 3778 724 3842 Alaudas
743 3777 864 3842 iudices
887 3799 922 3841 se
949 3777 1151 3842 constituisse
1175 3778 1316 3841 dicebat.
1358 3779 1406 3842 At
1419 3777 1477 3842 ille
1494 3777 1575 3864 legit

130 3942 136 3947 „
246 3869 422 3945 aleatores,
447 3868 525 3953 legit
540 3871 683 3948 exsules,
701 3870 779 3955 legit
795 3869 971 3936 Graecos.’'
1016 3870 1159 3953 Philipp.
1175 3873 1274 3949 v.5,
1295 3871 1347 3934 12.
1368 3908 1413 3923 -
1434 3873 1573 3958 „Lege

245 3983 325 4046 quiae
347 3963 550 4047 promulgata
572 3975 621 4027 est
642 3966 682 4027 de
704 3963 797 4027 tertia
819 3964 966 4041 decuria,
1000 3985 1106 4029 nonne
1136 3985 1244 4028 omnes
1272 3962 1459 4029 iudiciariae
1481 3966 1576 4050 leges
1606 4016 1607 4021 1

125 4078 131 4089 ¹
247 4053 395 4118 Caesaris
418 4056 660 4121 dissolvuntur?
686 4089 728 4101 -
757 4059 804 4121 At
826 4079 907 4142 quae
929 4070 977 4121 est
997 4058 1056 4121 ista
1080 4058 1171 4122 tertie
1195 4058 1344 4129 decuria?
1370 4068 1422 4105 —'
1445 4057 1575 4122 Centu-

244 4146 386 4224 rionum,
409 4149 524 4235 inquit.
557 4181 600 4197 -
632 4150 742 4233 Quid?
774 4152 827 4215 isti
850 4151 954 4217 ordini
974 4151 1130 4216 iudicatus
1153 4154 1225 4235 lege
1248 4152 1349 4229 Iulia,
1380 4153 1474 4215 etiem
1498 4164 1577 4216 ante

245 4240 417 4322 Pompeia,
441 4244 589 4322 Aurelia,
612 4262 677 4310 non
699 4244 857 4327 putebat?
879 4278 920 4290 —
951 4245 1076 4311 Census
1097 4246 1362 4329 praelinirhrtur,
1384 4244 1575 4327 inquit.-

245 4334 321 4397 Non
343 4336 521 4401 centurioni
542 4338 667 4422 quidem
689 4339 812 4415 solum,
846 4342 903 4403 sed
924 4339 1021 4425 equiti
1043 4339 1137 4405 etiam
1158 4340 1319 4404 Romano.
1364 4339 1478 4421 Itaque
1509 4338 1575 4402 viri

241 4425 407 4490 fortissimi
430 4440 524 4515 atque
546 4430 777 4508 honestissimi,
811 4433 869 4519 qui
891 4434 1018 4497 ordines
1040 4435 1216 4511 duxerunt,
1250 4454 1301 4497 res
1324 4444 1355 4496 et
1375 4432 1518 4496 iudicant
1542 4442 1575 4495 et

241 4518 536 4586 iudicaverunt.-
573 4524 651 4588 Nou
673 4545 811 4632 quaero,
842 4526 946 4610 inquit
966 4527 1064 4591 istos.
1094 4527 1278 4612 quicunque
1297 4518 1440 4590 ordinem
1462 4523 1571 4601 duxit,

241 4610 370 4678 iudicet.
392 4648 434 4661 -
455 4615 549 4681 At
522 4637 550 4680 ει
569 4615 716 4693 ferretis,
740 4617 921 4704 quicunque
942 4642 1027 4726 equo
1053 4621 1236 4696 meruisset,
1259 4621 1346 4705 quod
1363 4631 1414 4682 est
1435 4618 1569 4692 lautius,

243 4705 359 4769 nemim
350 4705 603 4789 probaretis3‘
594 4731 626 4773 nr
642 4710 744 4775 iudice
763 4711 845 4776 enim
860 4713 999 4796 spectari
1013 4725 1044 4777 et
1058 4713 1188 4779 fortuna
1209 4715 1303 4777 dehet
1318 4724 1349 4776 et
1363 4712 1513 4797 dignitas.
1526 4744 1571 4758 -

243 4799 319 4867 Nou
337 4822 480 4887 quaero,
503 4802 624 4889 inquit,
647 4804 725 4869 ista:
760 4808 842 4872 addo
872 4807 965 4871 etiam
989 4805 1109 4874 iudices
1135 4808 1346 4892 manipulares
1373 4828 1416 4871 ex
1437 4804 1568 4890 legione
