3220 5572
364 1208 508 1272 Vaeoam
529 1200 610 1268 hene
629 1203 776 1290 paginam
795 1222 865 1268 eum
884 1215 1032 1290 negreeet
1051 1226 1087 1269 ee
1104 1224 1206 1290 aequo
1225 1205 1328 1269 animo
1351 1200 1478 1271 laturum
1494 1218 1564 1291 typo·

213 1370 219 1384 ‘
281 1305 386 1376 theta,
411 1322 448 1364 ea
469 1320 545 1363 uatis
566 1321 652 1375 eum,
676 1309 710 1361 ut
731 1298 924 1362 declararem
941 1318 1042 1361 meam
1060 1300 1098 1363 dc
1119 1299 1193 1363 loco
1214 1297 1381 1364 Ciceronis
1401 1301 1563 1364 conclamato

282 1395 478 1458 sententiam.
520 1393 602 1474 Eum
623 1387 728 1456 locum
752 1391 844 1467 dico,
876 1391 932 1475 qui
953 1392 984 1454 in
1004 1391 1143 1458 Oratore
1168 1393 1208 1455 ad
1231 1393 1284 1455 Μ.
1312 1393 1445 1457 Brutum
1464 1414 1525 1476 cap.
1542 1393 1563 1455 9.

282 1490 383 1574 rotgo
405 1486 451 1549 uic
471 1482 642 1550 eeribitur:

364 1579 451 1664 Quia
467 1600 584 1662 ,porro
610 1598 762 1663 anquam
784 1581 998 1644 Graecorum
1024 1582 1202 1643 rhetorum
1225 1600 1247 1643 a
1273 1577 1473 1667 Thucydide
1494 1577 1565 1663 quid·

282 1695 384 1759 quam
398 1672 527 1736 duaa?
548 1673 620 1754 ,At
635 1673 797 1737 laudatur
811 1683 864 1736 eet
878 1673 922 1735 ab
935 1670 1126 1738 omnibue.’'
1170 1677 1313 1738 Fateor:
1333 1675 1393 1737 aed
1416 1666 1465 1738 ita
1482 1684 1514 1736 ut
1530 1694 1565 1733 re·

185 1810 189 1827 ,
281 1788 359 1830 rum
373 1764 568 1848 explicator
577 1765 752 1849 prudene,
773 1787 939 1840 reuerue,
947 1767 1081 1850 grauior
1102 1787 1172 1830 non
1188 1778 1227 1829 ut
1242 1766 1280 1830 in
1295 1763 1433 1832 iudiciis
1447 1770 1565 1830 uerteret

281 1880 425 1935 caueae,
458 1858 520 1922 eed
547 1870 587 1922 ut
614 1859 651 1923 in
670 1858 826 1923 historiis
854 1859 942 1922 betia
965 1871 1140 1923 narraret.
1196 1863 1316 1945 Itaque
1342 1877 1509 1946 utinquam
1533 1863 1565 1917 ert
1596 1932 1597 1955 χ

281 1963 482 2016 numeratur
503 1963 638 2017 orator.
681 1954 756 2018 Nec
777 1972 876 2027 vero,
895 1951 930 2015 ai
946 1951 1129 2017 hietoriam
1150 1973 1219 2016 nora
1241 1955 1451 2038 arripuisset,
1474 1968 1565 2015 nomen
1596 1958 1597 2021 1

280 2047 356 2111 eiua
377 2057 552 2123 exstaret,
575 2058 652 2109 cum
671 2044 878 2128 praesertim
886 2043 1028 2138 fuieeet
1048 2048 1239 2111 honoratur
1259 2060 1293 2111 et
1313 2047 1450 2112 nobilis.
1596 2032 1597 2087 i

364 2141 565 2205 Postremaur
580 2138 827 2203 enuntiationem
842 2140 930 2219 (Nec
943 2144 1040 2215 vero‘,
1065 2140 1097 2202 ei
1110 2136 1293 2204 historiam
1308 2162 1377 2204 non
1395 2139 1564 2222 ecripriuet,
1596 2150 1597 2173 ¹

279 2254 401 2299 nomen
422 2234 497 2297 eiua
517 2244 692 2308 exalaret,
715 2254 792 2296 cum
812 2231 1018 2315 praesertim
1030 2229 1172 2322 feriaret
1192 2234 1384 2299 honoratur
1407 2246 1439 2297 et
1460 2230 1567 2302 nobilia)
1596 2250 1597 2271 ¹

276 2330 415 2410 ineptam
436 2348 525 2402 erae,
550 2327 638 2391 multi
658 2327 825 2400 viderunt,
849 2327 904 2388 aed
924 2346 1017 2389 nemo
1039 2326 1142 2389 adhuc
1161 2346 1264 2410 neque
1280 2328 1473 2409 explicandis
1492 2341 1566 2407 aeque

279 2421 477 2485 emendandis
497 2419 605 2484 verbis
626 2421 700 2484 luco
722 2420 796 2483 huic
811 2419 963 2482 medelam
979 2417 1097 2491 attulit.
1142 2420 1222 2482 Nam
1238 2441 1335 2504 quam
1348 2419 1468 2483 Bakius
1486 2414 1566 2481 stituit

277 2515 308 2578 in
335 2514 382 2578 hie
400 2514 508 2578 verbio
530 2511 837 2596 breviloquentiam,
861 2524 896 2575 ut
916 2511 1070 2575 sententia
1092 2510 1152 2575 ait:
1175 2533 1237 2575 nec
1261 2535 1341 2577 vero
1362 2514 1396 2577 ei
1419 2510 1566 2576 historiam

276 2629 344 2684 nora
372 2608 583 2691 seriptum,
617 2627 740 2672 nomen
766 2606 841 2669 eiua
872 2615 1044 2680 exstaret,
1078 2618 1118 2669 ut
1147 2626 1237 2668 nunc
1270 2607 1426 2670 uidemur
1458 2612 1566 2668 eantare

274 2714 463 2785 propterea
482 2703 587 2766 etiam
607 2702 699 2785 quod
718 2703 908 2764 honoratur
930 2710 1013 2769 cct.,·
1034 2697 1063 2762 ei
1085 2712 1214 2781 praeter
1240 2701 1395 2766 Oreltium
1421 2719 1514 2762 merem
1531 2692 1566 2753 vit

277 2794 442 2878 quiequam
472 2793 678 2868 assentietur,
701 2806 734 2856 et
756 2794 873 2857 ineerta
896 2791 963 2854 aire
984 2802 1055 2855 ente
1078 2814 1111 2855 v.
1131 2814 1254 2857 namen
1281 2794 1351 2857 nire
1372 2806 1447 2878 post
1470 2812 1498 2852 r.
1514 2786 1567 2851 eiut
1596 2790 1597 2845 1

276 2889 465 2970 negatione,
489 2887 578 2973 qnod
601 2886 745 2951 fecerunt
761 2884 937 2948 Lamhrinue
958 2894 990 2948 et
1014 2884 1203 2962 Schittziue,
1226 2897 1347 2951 rectum
1375 2908 1445 2950 curn
1467 2898 1567 2966 praece·

278 2980 423 3044 dentihru
445 2980 618 3047 desiderari
638 3000 753 3043 nexum
776 2979 836 3043 iam
859 2978 1035 3041 Brewerue
1058 2977 1197 3041 notarit.
1248 2980 1402 3043 Attamen
1425 2976 1533 3042 medela
1548 2970 1568 3032 it

173 3116 175 3121 ,
277 3086 429 3156 promptu
452 3085 520 3138 eet:
545 3086 579 3138 tu
598 3076 695 3139 modo
714 3092 834 3136 mecum
850 3070 980 3155 iungar,
1002 3090 1084 3156 quae
1106 3071 1286 3156 iungenda,
1309 3073 1490 3158 disiungat,
1511 3082 1568 3149 qnae
1596 3032 1597 3119 i

279 3168 484 3251 disiungenda
507 3178 595 3243 sant,
616 3169 680 3231 hoc
702 3167 819 3231 modo:
1594 3160 1595 3163 ’

360 3261 447 3343 Quia
471 3282 583 3343 porro
610 3280 763 3346 uuquam
791 3261 1005 3324 Graecorum
1033 3257 1210 3321 rhetorum
1229 3279 1253 3321 a
1274 3258 1478 3347 Thucydide
1496 3249 1569 3340 quid·

275 3374 378 3437 quam
399 3352 529 3418 durh?
572 3355 646 3435 „Ae
667 3353 830 3417 laudatur
850 3362 903 3415 eet
923 3351 967 3413 ab
988 3349 1180 3415 omnibue.''
1225 3355 1365 3416 Fateor:
1397 3353 1460 3419 ced
1481 3351 1525 3414 ita
1542 3352 1569 3405 1⁸²

226 3472 233 3481 ·
277 3467 395 3508 rerum
415 3446 608 3529 explicator
625 3446 796 3530 prudens,
818 3464 974 3519 eeuerue,
998 3444 1134 3526 gravie3
1156 3464 1226 3508 non
1246 3457 1285 3508 ut
1306 3445 1342 3507 in
1364 3444 1499 3509 iudiciie
1517 3457 1568 3502 aer·

276 3551 369 3602 earet
383 3559 526 3615 murae,
549 3538 611 3602 aed
630 3551 671 3602 ut
690 3538 727 3600 in
747 3537 902 3603 hictariie
923 3537 1009 3600 bella
1029 3549 1272 3618 narrarun-
1292 3539 1410 3624 itaqroe
1424 3546 1569 3620 nunquam

275 3643 327 3694 eet
347 3643 549 3695 numeratur
568 3643 712 3705 armar,
741 3652 803 3694 nee
823 3651 920 3707 vero,
947 3629 981 3693 ei
1000 3628 1183 3695 historiam
1203 3652 1273 3695 non
1293 3631 1502 3715 earipeiaaet,
1526 3642 1569 3684 πθ·

274 3745 350 3795 men
371 3725 448 3789 eiua
470 3736 644 3789 exstaret:
660 3755 700 3768 -
721 3745 799 3787 eum
818 3721 1025 3808 praeeertim
1034 3720 1173 3813 fuiaeat
1192 3726 1383 3789 honoratur
1404 3736 1440 3788 et
1459 3715 1567 3786 north.
1596 3718 1597 3809 1
