3214 5586
452 433 605 500 muru
626 430 808 500 Lucum.
902 401 908 407 ’
1230 438 1290 503 ru

52 594 104 648 sau,
118 573 146 635 le
161 592 211 654 qus
229 570 382 656 loquitur,
407 576 444 638 de
468 577 617 659 regendis
638 577 668 639 iu
691 598 746 640 sua
769 574 898 640 civitate
921 577 1015 657 [loct.
1039 577 1081 641 de
1096 577 1293 663 redigendis
1356 660 1361 667 1
1456 622 1466 641 .

52 667 137 730 iusum
152 666 299 749 cisitmes]
322 658 437 745 sociis,
462 669 491 732 iu
515 691 574 734 suo
600 672 766 735 consulatu
790 674 834 752 (a.
851 697 884 737 u.
901 668 991 749 658.)
1013 670 1163 737 tulerunt.
1209 671 1291 738 Cum

52 780 121 823 saum
138 760 287 843 mpiiitats
313 760 449 826 civitatis
474 763 640 828 Romanae
662 763 767 827 Italici
791 764 905 847 populi
929 774 1115 829 tenerentur
1143 777 1175 828 et
1197 768 1240 831 ob
1262 767 1295 829 id

52 874 116 937 upa
130 875 190 937 pers
204 876 308 918 eorum
329 877 391 939 pro
415 856 538 919 civibus
558 858 714 921 Romanis
736 878 770 921 se
792 868 938 943 gereret,
965 858 1141 922 neccssaria
1159 859 1212 921 lex
1229 859 1296 923 viss

50 961 87 1019 est.
105 959 128 1010 ut
146 947 173 1011 iu
196 970 265 1012 suae
292 950 425 1035 quisque
454 950 592 1014 civitatis
620 950 666 1015 ius
694 952 905 1037 redigeretur.
947 952 1071 1015 Verum
1094 974 1129 1015 ea
1157 953 1230 1038 lege
1251 954 1296 1016 ita

48 1043 217 1106 unianimi
238 1055 310 1107 sunt
334 1045 510 1129 principum
532 1045 718 1110 Italicorum
745 1047 957 1129 populorum,
981 1059 1017 1110 ut
1038 1067 1074 1109 ea
1094 1047 1146 1110 vel
1161 1047 1295 1110 maxima

44 1157 99 1197 uua
113 1137 172 1200 belli
191 1137 305 1213 lutici,
336 1142 424 1223 quod
445 1151 520 1221 post
540 1139 707 1202 triennium
728 1152 875 1205 exortum
897 1151 963 1216 est,
991 1138 1124 1203 fuerit.’'
1168 1142 1293 1207 Asson.

40 1229 58 1289 is
73 1226 170 1292 cornel.
189 1252 220 1313 p.
242 1231 293 1294 67.
319 1263 360 1277 -
398 1232 515 1315 „Nihil
536 1235 682 1297 acerbius
702 1233 783 1298 socii
805 1245 837 1296 et
859 1233 970 1296 Latini
990 1234 1078 1298 ferre
1099 1234 1186 1299 soliti
1207 1245 1292 1323 sunt,

38 1344 96 1403 quau
111 1345 152 1399 ss,
177 1324 205 1391 id
224 1328 312 1409 qumi
332 1347 468 1408 perraro
490 1328 623 1405 accidit,
653 1349 695 1392 ex
715 1331 798 1392 urbe
819 1329 907 1392 exire
930 1350 946 1391 a
970 1327 1157 1392 consulibus
1179 1326 1296 1393 iuberi.

36 1418 106 1499 Atque
121 1417 171 1481 illis
190 1432 253 1483 erat
273 1431 340 1484 tum
362 1420 482 1484 reditus
505 1422 535 1485 in
558 1442 630 1485 suas
652 1421 816 1498 civitates,
841 1425 880 1486 ad
902 1444 981 1487 suos
993 1424 1096 1488 Lares
1109 1423 1294 1500 familiares,

34 1510 92 1571 etir
113 1509 158 1574 illo
180 1512 335 1577 communi
359 1514 568 1580 incommodo
598 1515 682 1579 nulla
704 1519 735 1579 in
758 1538 947 1602 quemquam
969 1518 1103 1599 propria
1125 1517 1298 1601 ignominia

33 1602 161 1667 umam
179 1606 342 1670 cadebat.”
375 1629 436 1691 pro
459 1611 566 1675 Sestio
590 1612 651 1686 13,
675 1612 728 1675 36.
772 1610 1090 1696 ,Huiusmodileges
1112 1610 1191 1675 ierri
1212 1612 1297 1675 ‹lice-

30 1694 108 1759 luutu·
123 1699 157 1762 tis
175 1700 297 1764 ciuibus
319 1703 534 1788 redigendis:
563 1706 688 1790 qualem
711 1706 827 1768 tulerat
849 1708 892 1769 L.
916 1704 1071 1769 Licinius
1093 1708 1242 1770 Crassus
1263 1714 1296 1768 et

30 1790 181 1869 tuturus
199 1797 381 1872 δοωυοῑα,
413 1807 447 1860 ut
473 1798 578 1862 redire
607 1799 685 1863 socii
708 1811 739 1863 et
762 1798 871 1862 Latini
892 1798 924 1862 iu
947 1798 1091 1862 civitates
1113 1816 1186 1861 suas
1207 1798 1299 1862 iube-

30 1882 127 1947 uutur.'’
152 1888 252 1953 Schol.
275 1889 363 1955 Bolr.
386 1912 449 1973 pro
468 1890 572 1956 Sestio
594 1914 628 1976 p.
653 1893 727 1959 296.
749 1927 789 1943 -
814 1894 923 1975 „Esse
945 1914 1008 1976 pro
1031 1892 1120 1969 cive,
1147 1892 1201 1979 qui
1215 1892 1298 1957 ciris

30 1990 70 2035 uu
83 1977 127 2053 sit,
147 1992 259 2044 sermm
284 1993 333 2046 est
355 2003 421 2048 non
443 1984 555 2050 licere:
579 2007 671 2070 quam
694 1988 834 2051 tulerunt
855 1987 959 2071 legem
982 1986 1205 2070 sapientissimi
1219 2008 1300 2051 con·

31 2067 221 2140 &acroam
249 2087 284 2140 et
304 2077 500 2142 &uvolae
533 2082 573 2142 sle
593 2080 688 2147 offic.
713 2081 780 2147 111.
806 2084 864 2158 11,
891 2087 945 2146 ll.
975 2114 1018 2128 -·
1057 2081 1166 2165 „Cum
1184 2084 1297 2165 'paucis

36 2162 156 2247 rmpou
174 2171 254 2234 hene
278 2170 416 2234 civitatis
438 2173 640 2237 donatiouem
663 2178 817 2240 acerrima
839 2180 878 2242 de
907 2177 1036 2241 civitate
1068 2177 1213 2262 quiaestio
1243 2178 1301 2243 ni-

37 2253 123 2323 tfiitet
138 2264 253 2329 Mucia
276 2263 351 2348 lege
374 2265 530 2331 venisset:
555 2286 627 2335 utum
651 2268 722 2352 qtiis
746 2290 873 2347 eorsum,
898 2270 953 2355 quii
968 2269 1193 2334 defoederatis
1216 2270 1297 2333 civi-

38 2348 107 2413 tut·
124 2369 196 2420 esset
222 2358 354 2421 civitate
387 2361 539 2440 donatus,
574 2364 605 2427 iu
634 2364 783 2427 iudicium
815 2377 863 2427 est
886 2364 1072 2431 vocatusi'’
1108 2386 1170 2446 pro
1193 2365 1298 2430 Balbo
1408 2366 1410 2370 ’

35 2439 169 2545 1616-
198 2453 322 2533 ,0601
344 2451 371 2515 si
394 2456 598 2521 acerbissima
621 2458 693 2540 lege
716 2458 854 2521 Servilia
877 2457 1037 2540 principes
1062 2457 1140 2533 riri,
1172 2457 1299 2542 gravis·

33 2538 76 2600 tui
94 2554 115 2604 et
135 2545 351 2629 sapientissimi
381 2547 487 2624 cives,
519 2551 600 2612 hano
623 2549 765 2629 Latinis,
801 2550 835 2613 iu
857 2560 905 2613 est
927 2550 1118 2625 loederatis,
1153 2551 1236 2613 viam
1259 2554 1300 2615 ad

31 2629 136 2700 civitaten
158 2642 266 2723 populi
295 2641 383 2704 iussu
412 2655 522 2725 patere
550 2643 635 2727 passi
663 2655 754 2720 suut,
788 2645 836 2725 (ut
865 2646 1012 2707 damnato
1042 2642 1113 2706 cive
1147 2643 1297 2707 Romano
1371 2634 1376 2699 l

31 2720 136 2802 iliticine
148 2732 285 2799 Romani
300 2735 452 2817 fierent,)
474 2759 578 2822 neque
594 2750 640 2802 est
655 2740 719 2803 hoc
734 2738 962 2819 reprehensum
978 2735 1115 2801 Licinio
1129 2747 1162 2800 et
1176 2738 1299 2802 Mucio
1368 2766 1371 2775 ’
1415 2807 1426 2837 .

35 2814 91 2901 ¹230,
109 2846 159 2891 sum
186 2829 380 2912 praesertim
409 2853 511 2916 genus
532 2832 636 2915 ipsum
660 2833 871 2907 accusationis
895 2843 925 2895 et
949 2852 1065 2897 nomen
1092 2843 1125 2894 ct
1147 2830 1300 2895 eiusmodi

36 2917 160 2999 Μὴ,
192 2929 279 3009 quot
316 2946 411 2990 neruo
441 2927 568 3011 assequi
598 2940 707 3009 posset
737 2926 795 2990 uisi
831 2947 872 2990 ex
908 2926 1065 2989 senatoris
1103 2925 1297 3001 calamitate,

33 3022 230 3092 *mmatmi
252 3042 357 3104 aeque
381 3022 468 3086 bono
487 3022 636 3106 'siliquam
659 3021 750 3085 nimis
771 3020 941 3085 iucundum
963 3014 1034 3084 esse
1054 3030 1184 3103 posset:
1207 3018 1300 3083 ‹lubi-

31 3104 109 3170 Μ·
125 3113 193 3191 luit,
223 3116 320 3200 quin,
353 3136 419 3199 quo
440 3114 472 3178 in
496 3136 614 3200 genere
634 3116 772 3179 iudicum
794 3113 935 3196 praemia
955 3124 1027 3177 rata
1049 3125 1167 3189 essent,
1189 3113 1221 3176 in
1244 3134 1300 3178 eo-

30 3193 70 3259 ltfl
84 3201 172 3273 iudicia
194 3210 426 3294 imperatorum
440 3207 645 3273 ⁴valerent?'‘
667 3231 730 3293 pro
753 3209 858 3272 Balbo
880 3208 942 3283 24,
966 3209 1022 3272 54.
1044 3240 1085 3252 -
1109 3208 1194 3289 „Est
1215 3206 1298 3270 euim

30 3286 110 3397 itum
131 3303 283 3385 (Lysias),
318 3304 468 3389 quonism
499 3314 586 3366 certe
615 3303 749 3368 Athenis
777 3314 825 3366 est
853 3315 885 3365 et
913 3314 1004 3366 natus
1033 3314 1064 3365 et
1090 3313 1237 3366 mortuus
1267 3311 1299 3363 et

30 3398 109 3454 Mu
130 3399 206 3461 omni
236 3397 358 3463 civium
389 3418 537 3461 munere:
569 3418 759 3483 qisamquam
784 3395 1027 3460 Timaeus‘eum
1049 3395 1139 3481 quasi
1162 3394 1298 3459 Licinio

30 3483 148 3552 iuncis
166 3492 238 3578 lege
257 3493 384 3576 repetit·
403 3489 613 3573 Syracusas.''
658 3492 752 3554 Brut.
778 3492 837 3567 16,
862 3491 916 3553 63.

35 3626 43 3649 .
77 3576 115 3646 De
132 3585 186 3650 luc
207 3590 280 3674 lege
305 3586 369 3651 vid.
392 3584 557 3669 inprimis
579 3584 727 3647 Balduini
749 3584 888 3667 lurispr.
911 3585 1004 3648 Mum
1025 3606 1060 3666 p.
1085 3586 1159 3646 106.
1181 3580 1236 3645 ubi
1258 3581 1299 3644 ds

30 3670 71 3731 uu
84 3674 131 3741 los
150 3681 225 3767 legis
248 3703 387 3769 genere,
411 3683 499 3766 quot
521 3690 571 3743 est
591 3681 630 3744 ds
652 3679 800 3757 civitate,
824 3678 903 3764 egit.
941 3678 1046 3744 Erus

431 3896 593 3961 Lmsuruu
616 3907 647 3959 et
671 3895 834 3960 Ssxrsur.

79 4048 186 4122 unsri
206 4056 330 4123 tribuni
349 4060 390 4125 0.
414 4057 569 4123 Licinius
587 4069 618 4120 et
636 4060 679 4121 L.
702 4055 846 4121 Sextius
868 4056 912 4136 (a.
936 4074 969 4118 u.
992 4076 1019 4121 c.
1040 4053 1131 4132 stt.)
1153 4051 1297 4135 pronul-

30 4154 101 4213 ttttre
119 4151 203 4236 leges
223 4160 323 4231 (suno
346 4155 469 4217 demum
498 4152 573 4215 386.
611 4171 670 4233 per
697 4148 841 4234 iugentia
876 4149 1064 4223 certamina,
1097 4146 1294 4211 dissuadente

30 4236 130 4313 'itlflit
146 4249 208 4328 Ap.
224 4245 365 4313 Claudio
382 4242 522 4320 Crasso,
547 4244 708 4328 perlatas:
730 4242 808 4306 Liv.
832 4244 896 4308 Vl.
920 4244 989 4323 42.)
1011 4262 1122 4307 omres
1144 4241 1294 4303 adversus

30 4346 72 4404 pu
91 4339 284 4415 patriciorum
313 4351 348 4407 et
371 4362 434 4424 pro
460 4337 635 4404 commodis
657 4336 781 4421 plebis,
812 4359 903 4400 unam
926 4337 968 4401 de
994 4356 1074 4399 aere
1097 4332 1226 4407 nlkno,
1262 4340 1311 4399 ut.
1361 4345 1365 4353 '

30 4422 115 4491 titvlo
135 4452 171 4496 eo
187 4437 226 4499 de
248 4434 368 4518 capite,
382 4428 481 4519 'quod
497 4432 600 4497 usuris
622 4443 878 4516 pernumeratum
901 4440 1001 4505 esset,
1025 4430 1058 4490 isi
1071 4428 1159 4512 quoti
1181 4444 1295 4506 super·

30 4528 76 4578 Μ
91 4523 213 4594 &nnio
232 4529 342 4615 aequis
363 4527 571 4611 pensionibus
585 4527 844 4610 persolveretur-3
869 4525 998 4587 alteram
1013 4520 1055 4583 de
1070 4521 1174 4584 modo
1187 4538 1294 4601 agro·

30 4624 85 4687 Μ,
103 4637 137 4682 as
156 4622 224 4706 quis
243 4624 316 4708 plus
335 4623 510 4709 quingenta
531 4619 643 4707 iugera
660 4618 732 4705 agri
752 4618 948 4703 possiderem
972 4613 1113 4689 tertiam,
1137 4632 1175 4673 ne
1190 4611 1295 4685 tribu·

30 4718 98 4770 ⁰¹³¹
127 4714 249 4780 nilitum
284 4717 412 4783 comitia
445 4717 579 4791 fierent,
613 4713 843 4798 consulumque
876 4708 986 4792 utique
1017 4706 1099 4767 alter
1127 4726 1169 4768 ex
1199 4703 1293 4808 pletis
1360 4752 1367 4767 .

30 4809 152 4871 “lttttu
170 4822 280 4875 cuneta
305 4809 462 4898 ingentia,
487 4820 519 4875 et
541 4828 622 4896 quae
643 4808 712 4872 sine
732 4804 903 4871 certamine
920 4797 1058 4865 maximo
1074 4797 1210 4863 obtineri
1227 4812 1293 4857 uon

30 4898 144 4995 usu?
181 4905 256 4971 mv.
276 4906 339 4971 vu
363 4906 416 4969 ss.
