<?xml version="1.0" encoding="UTF-8"?>
<!DOCTYPE html PUBLIC "-//W3C//DTD XHTML 1.0 Transitional//EN"
    "http://www.w3.org/TR/xhtml1/DTD/xhtml1-transitional.dtd">
<html xmlns="http://www.w3.org/1999/xhtml" xml:lang="en" lang="en">
 <head>
  <title>
</title>
<meta http-equiv="Content-Type" content="text/html;charset=utf-8" />
  <meta name='ocr-system' content='tesseract 3.04.00' />
  <meta name='ocr-capabilities' content='ocr_page ocr_carea ocr_par ocr_line ocrx_word'/>
</head>
<body>
  <div class='ocr_page' id='page_1' title='image "./mtulliiciceroni01fabrgoog_0023.png"; bbox 0 0 3328 5576; ppageno 0'>
   <div class='ocr_carea' id='block_1_1' title="bbox 272 331 1025 398">
    <p class='ocr_par' dir='ltr' id='par_1_1' title="bbox 272 331 1025 398">
     <span class='ocr_line' id='line_1_1' title="bbox 272 331 1025 398; baseline -0.001 0"><span class='ocrx_word' id='word_1_1' title='bbox 272 335 294 398; x_wconf 77' lang='lat' dir='ltr'><strong>I</strong></span> <span class='ocrx_word' id='word_1_2' title='bbox 873 331 1025 397; x_wconf 81' lang='lat' dir='ltr'><strong>INDEX</strong></span> 
     </span>
    </p>
   </div>
   <div class='ocr_carea' id='block_1_2' title="bbox 267 471 1607 2545">
    <p class='ocr_par' dir='ltr' id='par_1_2' title="bbox 271 471 1606 1016">
     <span class='ocr_line' id='line_1_2' title="bbox 275 471 1606 560; baseline -0.003 -17"><span class='ocrx_word' id='word_1_3' title='bbox 275 475 429 556; x_wconf 80' lang='grc' dir='ltr'><strong><em>σύνταξιν</em></strong></span> <span class='ocrx_word' id='word_1_4' title='bbox 457 471 635 539; x_wconf 80' lang='lat' dir='ltr'><strong>immutavit</strong></span> <span class='ocrx_word' id='word_1_5' title='bbox 663 483 696 538; x_wconf 85' lang='lat' dir='ltr'><strong>ct</strong></span> <span class='ocrx_word' id='word_1_6' title='bbox 717 494 735 537; x_wconf 90' lang='lat' dir='ltr'><strong>e</strong></span> <span class='ocrx_word' id='word_1_7' title='bbox 764 473 888 539; x_wconf 76' lang='lat' dir='ltr'><strong>duobus</strong></span> <span class='ocrx_word' id='word_1_8' title='bbox 911 483 1066 560; x_wconf 86' lang='lat' dir='ltr'><strong>quattuor</strong></span> <span class='ocrx_word' id='word_1_9' title='bbox 1086 471 1190 538; x_wconf 75' lang='lat' dir='ltr'><strong>libror</strong></span> <span class='ocrx_word' id='word_1_10' title='bbox 1211 471 1309 552; x_wconf 77' lang='lat' dir='ltr'><strong>dreit,</strong></span> <span class='ocrx_word' id='word_1_11' title='bbox 1348 471 1457 540; x_wconf 87' lang='lat' dir='ltr'><strong>Catuli</strong></span> <span class='ocrx_word' id='word_1_12' title='bbox 1479 484 1511 540; x_wconf 88' lang='lat' dir='ltr'><strong>et</strong></span> <span class='ocrx_word' id='word_1_13' title='bbox 1533 476 1606 540; x_wconf 89' lang='lat' dir='ltr'><strong>Lu-</strong></span> 
     </span>
     <span class='ocr_line' id='line_1_3' title="bbox 274 560 1606 652; baseline -0.001 -18"><span class='ocrx_word' id='word_1_14' title='bbox 274 571 350 635; x_wconf 86' lang='lat' dir='ltr'><strong>culli</strong></span> <span class='ocrx_word' id='word_1_15' title='bbox 379 570 561 636; x_wconf 74' lang='lat' dir='ltr'><strong>nominihus</strong></span> <span class='ocrx_word' id='word_1_16' title='bbox 591 560 743 645; x_wconf 76' lang='lat' dir='ltr'><strong>sublatio,</strong></span> <span class='ocrx_word' id='word_1_17' title='bbox 774 589 895 652; x_wconf 78' lang='lat' dir='ltr'><strong>eosque</strong></span> <span class='ocrx_word' id='word_1_18' title='bbox 926 567 1071 633; x_wconf 85' lang='lat' dir='ltr'><strong>Varroni</strong></span> <span class='ocrx_word' id='word_1_19' title='bbox 1098 567 1276 651; x_wconf 79' lang='lat' dir='ltr'><strong>inscripsit.</strong></span> <span class='ocrx_word' id='word_1_20' title='bbox 1326 568 1365 633; x_wconf 95' lang='lat' dir='ltr'><strong>In</strong></span> <span class='ocrx_word' id='word_1_21' title='bbox 1391 569 1430 634; x_wconf 81' lang='lat' dir='ltr'><strong>iic</strong></span> <span class='ocrx_word' id='word_1_22' title='bbox 1456 568 1606 635; x_wconf 85' lang='lat' dir='ltr'><strong>Varroni</strong></span> 
     </span>
     <span class='ocr_line' id='line_1_4' title="bbox 274 662 1604 748; baseline 0 -19"><span class='ocrx_word' id='word_1_23' title='bbox 274 665 427 730; x_wconf 78' lang='lat' dir='ltr'><strong>Antiochi</strong></span> <span class='ocrx_word' id='word_1_24' title='bbox 449 675 557 748; x_wconf 81' lang='lat' dir='ltr'><strong>partes</strong></span> <span class='ocrx_word' id='word_1_25' title='bbox 581 663 681 741; x_wconf 81' lang='lat' dir='ltr'><strong>dedit,</strong></span> <span class='ocrx_word' id='word_1_26' title='bbox 704 662 765 728; x_wconf 80' lang='lat' dir='ltr'><strong>eibi</strong></span> <span class='ocrx_word' id='word_1_27' title='bbox 780 662 914 745; x_wconf 74' lang='lat' dir='ltr'><strong>sumpsit</strong></span> <span class='ocrx_word' id='word_1_28' title='bbox 927 662 1096 738; x_wconf 69' lang='lat' dir='ltr'><strong>Philonis,</strong></span> <span class='ocrx_word' id='word_1_29' title='bbox 1118 664 1184 728; x_wconf 91' lang='lat' dir='ltr'><strong>hoc</strong></span> <span class='ocrx_word' id='word_1_30' title='bbox 1206 673 1274 740; x_wconf 79' lang='lat' dir='ltr'><strong>cat,</strong></span> <span class='ocrx_word' id='word_1_31' title='bbox 1300 666 1387 748; x_wconf 89' lang='lat' dir='ltr'><strong>quod</strong></span> <span class='ocrx_word' id='word_1_32' title='bbox 1412 663 1531 731; x_wconf 87' lang='lat' dir='ltr'><strong>Cicero</strong></span> <span class='ocrx_word' id='word_1_33' title='bbox 1554 666 1604 729; x_wconf 91' lang='lat' dir='ltr'><strong>di-</strong></span> 
     </span>
     <span class='ocr_line' id='line_1_5' title="bbox 272 755 1605 850; baseline 0.005 -28"><span class='ocrx_word' id='word_1_34' title='bbox 272 759 335 822; x_wconf 86' lang='lat' dir='ltr'><strong>cit:</strong></span> <span class='ocrx_word' id='word_1_35' title='bbox 359 759 591 844; x_wconf 78' lang='grc' dir='ltr'><strong><em>ἀκαδημαίκὴν</em></strong></span> <span class='ocrx_word' id='word_1_36' title='bbox 614 757 662 822; x_wconf 82' lang='lat' dir='ltr'><strong>ad</strong></span> <span class='ocrx_word' id='word_1_37' title='bbox 678 760 872 824; x_wconf 85' lang='lat' dir='ltr'><strong>Varronem</strong></span> <span class='ocrx_word' id='word_1_38' title='bbox 901 755 1184 850; x_wconf 70' lang='lat' dir='ltr'><strong><em>transferamus,</em></strong></span> <span class='ocrx_word' id='word_1_39' title='bbox 1216 768 1247 821; x_wconf 80' lang='lat' dir='ltr'><strong>et</strong></span> <span class='ocrx_word' id='word_1_40' title='bbox 1272 760 1503 844; x_wconf 76' lang='grc' dir='ltr'><strong><em>ἀκαδημαϊκήν</em></strong></span> <span class='ocrx_word' id='word_1_41' title='bbox 1524 762 1605 828; x_wconf 87' lang='grc' dir='ltr'><strong><em>ου’ν-</em></strong></span> 
     </span>
     <span class='ocr_line' id='line_1_6' title="bbox 271 850 1603 940; baseline -0.001 -19"><span class='ocrx_word' id='word_1_42' title='bbox 271 858 364 933; x_wconf 86' lang='grc' dir='ltr'><strong><em>ταξιν</em></strong></span> <span class='ocrx_word' id='word_1_43' title='bbox 395 855 443 918; x_wconf 80' lang='lat' dir='ltr'><strong>ad</strong></span> <span class='ocrx_word' id='word_1_44' title='bbox 479 858 674 940; x_wconf 79' lang='lat' dir='ltr'><strong>Varronem</strong></span> <span class='ocrx_word' id='word_1_45' title='bbox 709 863 821 918; x_wconf 81' lang='grc' dir='ltr'><strong><em>ίοίαπι</em></strong></span> <span class='ocrx_word' id='word_1_46' title='bbox 844 853 1092 918; x_wconf 70' lang='lat' dir='ltr'><strong>¹traduximus.</strong></span> <span class='ocrx_word' id='word_1_47' title='bbox 1152 850 1253 918; x_wconf 81' lang='lat' dir='ltr'><strong>Coni.</strong></span> <span class='ocrx_word' id='word_1_48' title='bbox 1287 854 1429 939; x_wconf 85' lang='lat' dir='ltr'><strong>Argum.</strong></span> <span class='ocrx_word' id='word_1_49' title='bbox 1465 854 1603 936; x_wconf 82' lang='lat' dir='ltr'><strong>Quacet.</strong></span> 
     </span>
     <span class='ocr_line' id='line_1_7' title="bbox 272 950 560 1016; baseline -0.007 -2"><span class='ocrx_word' id='word_1_50' title='bbox 272 952 378 1014; x_wconf 84' lang='lat' dir='ltr'><strong>Acad.</strong></span> <span class='ocrx_word' id='word_1_51' title='bbox 402 950 431 1016; x_wconf 90' lang='lat' dir='ltr'><strong>I.</strong></span> <span class='ocrx_word' id='word_1_52' title='bbox 474 951 560 1013; x_wconf 81' lang='lat' dir='ltr'><strong>Enu.</strong></span> 
     </span>
    </p>

    <p class='ocr_par' dir='ltr' id='par_1_3' title="bbox 272 1040 1605 1227">
     <span class='ocr_line' id='line_1_8' title="bbox 350 1040 1605 1133; baseline -0.001 -21"><span class='ocrx_word' id='word_1_53' title='bbox 350 1044 531 1133; x_wconf 78' lang='grc' dir='ltr'><strong><em>Ἀκαιρος,</em></strong></span> <span class='ocrx_word' id='word_1_54' title='bbox 553 1042 829 1127; x_wconf 82' lang='lat' dir='ltr'><strong>intempeatiuua,</strong></span> <span class='ocrx_word' id='word_1_55' title='bbox 853 1042 1087 1128; x_wconf 67' lang='lat' dir='ltr'><strong>importunus.</strong></span> <span class='ocrx_word' id='word_1_56' title='bbox 1111 1043 1201 1126; x_wconf 85' lang='lat' dir='ltr'><strong>„Sed</strong></span> <span class='ocrx_word' id='word_1_57' title='bbox 1215 1064 1350 1123; x_wconf 82' lang='lat' dir='ltr'><strong>vereor,</strong></span> <span class='ocrx_word' id='word_1_58' title='bbox 1373 1064 1414 1108; x_wconf 85' lang='lat' dir='ltr'><strong>ne</strong></span> <span class='ocrx_word' id='word_1_59' title='bbox 1429 1040 1488 1106; x_wconf 90' lang='lat' dir='ltr'><strong>tibi</strong></span> <span class='ocrx_word' id='word_1_60' title='bbox 1502 1043 1605 1110; x_wconf 86' lang='grc' dir='ltr'><strong><em>ἀκαι-</em></strong></span> 
     </span>
     <span class='ocr_line' id='line_1_9' title="bbox 272 1134 841 1227; baseline -0.007 -23"><span class='ocrx_word' id='word_1_61' title='bbox 272 1164 330 1227; x_wconf 84' lang='grc' dir='ltr'><strong><em>ρος</em></strong></span> <span class='ocrx_word' id='word_1_62' title='bbox 351 1138 451 1202; x_wconf 81' lang='lat' dir='ltr'><strong>cirn.’&#39;</strong></span> <span class='ocrx_word' id='word_1_63' title='bbox 496 1140 535 1201; x_wconf 82' lang='lat' dir='ltr'><strong>ad</strong></span> <span class='ocrx_word' id='word_1_64' title='bbox 556 1140 630 1201; x_wconf 80' lang='lat' dir='ltr'><strong>Ati.</strong></span> <span class='ocrx_word' id='word_1_65' title='bbox 654 1137 720 1202; x_wconf 90' lang='lat' dir='ltr'><strong>IX.</strong></span> <span class='ocrx_word' id='word_1_66' title='bbox 744 1134 788 1212; x_wconf 75' lang='lat' dir='ltr'><strong>I,</strong></span> <span class='ocrx_word' id='word_1_67' title='bbox 808 1137 841 1201; x_wconf 84' lang='lat'><strong>3.</strong></span> 
     </span>
    </p>

    <p class='ocr_par' dir='ltr' id='par_1_4' title="bbox 272 1232 1605 1501">
     <span class='ocr_line' id='line_1_10' title="bbox 353 1232 1602 1317; baseline 0.001 -17"><span class='ocrx_word' id='word_1_68' title='bbox 353 1234 616 1312; x_wconf 83' lang='grc' dir='ltr'><strong><em>Ἀκατάληπτον,</em></strong></span> <span class='ocrx_word' id='word_1_69' title='bbox 640 1232 734 1317; x_wconf 80' lang='lat' dir='ltr'><strong>quod</strong></span> <span class='ocrx_word' id='word_1_70' title='bbox 743 1233 986 1315; x_wconf 83' lang='lat' dir='ltr'><strong>comprehendi</strong></span> <span class='ocrx_word' id='word_1_71' title='bbox 1006 1253 1077 1297; x_wconf 90' lang='lat' dir='ltr'><strong>non</strong></span> <span class='ocrx_word' id='word_1_72' title='bbox 1096 1244 1224 1317; x_wconf 74' lang='lat' dir='ltr'><strong>potent,</strong></span> <span class='ocrx_word' id='word_1_73' title='bbox 1247 1233 1602 1316; x_wconf 65' lang='lat' dir='ltr'><strong>incomprehensibile.</strong></span> 
     </span>
     <span class='ocr_line' id='line_1_11' title="bbox 273 1326 1605 1414; baseline 0.002 -21"><span class='ocrx_word' id='word_1_74' title='bbox 273 1327 383 1412; x_wconf 79' lang='lat' dir='ltr'><strong>„Cum</strong></span> <span class='ocrx_word' id='word_1_75' title='bbox 415 1327 496 1391; x_wconf 79' lang='lat' dir='ltr'><strong>eninr</strong></span> <span class='ocrx_word' id='word_1_76' title='bbox 525 1328 567 1391; x_wconf 88' lang='lat' dir='ltr'><strong>ita</strong></span> <span class='ocrx_word' id='word_1_77' title='bbox 594 1336 728 1412; x_wconf 82' lang='lat' dir='ltr'><strong>negaret</strong></span> <span class='ocrx_word' id='word_1_78' title='bbox 757 1326 929 1411; x_wconf 83' lang='lat' dir='ltr'><strong>quidquam</strong></span> <span class='ocrx_word' id='word_1_79' title='bbox 959 1348 1030 1391; x_wconf 78' lang='lat' dir='ltr'><strong>esse</strong></span> <span class='ocrx_word' id='word_1_80' title='bbox 1052 1329 1141 1412; x_wconf 87' lang='lat' dir='ltr'><strong>quod</strong></span> <span class='ocrx_word' id='word_1_81' title='bbox 1163 1327 1393 1412; x_wconf 79' lang='lat' dir='ltr'><strong>comprehendi</strong></span> <span class='ocrx_word' id='word_1_82' title='bbox 1414 1341 1526 1414; x_wconf 79' lang='lat' dir='ltr'><strong>poscet</strong></span> <span class='ocrx_word' id='word_1_83' title='bbox 1548 1331 1605 1411; x_wconf 89' lang='lat' dir='ltr'><strong>(id</strong></span> 
     </span>
     <span class='ocr_line' id='line_1_12' title="bbox 272 1420 1416 1501; baseline 0 -14"><span class='ocrx_word' id='word_1_84' title='bbox 272 1424 354 1487; x_wconf 85' lang='lat' dir='ltr'><strong>enim</strong></span> <span class='ocrx_word' id='word_1_85' title='bbox 378 1423 526 1491; x_wconf 77' lang='lat' dir='ltr'><strong>volumno</strong></span> <span class='ocrx_word' id='word_1_86' title='bbox 548 1442 619 1485; x_wconf 78' lang='lat' dir='ltr'><strong>eece</strong></span> <span class='ocrx_word' id='word_1_87' title='bbox 641 1420 911 1501; x_wconf 67' lang='lat' dir='ltr'><strong>deordinatae),</strong></span> <span class='ocrx_word' id='word_1_88' title='bbox 935 1421 987 1485; x_wconf 79' lang='lat' dir='ltr'><strong>ai”</strong></span> <span class='ocrx_word' id='word_1_89' title='bbox 1011 1433 1074 1485; x_wconf 83' lang='lat' dir='ltr'><strong>cet.</strong></span> <span class='ocrx_word' id='word_1_90' title='bbox 1099 1422 1205 1486; x_wconf 77' lang='lat' dir='ltr'><strong>Acad.</strong></span> <span class='ocrx_word' id='word_1_91' title='bbox 1228 1422 1275 1488; x_wconf 92' lang='lat' dir='ltr'><strong>II.</strong></span> <span class='ocrx_word' id='word_1_92' title='bbox 1298 1423 1336 1500; x_wconf 77' lang='lat'><strong>6,</strong></span> <span class='ocrx_word' id='word_1_93' title='bbox 1363 1422 1416 1487; x_wconf 83' lang='lat'><strong>18.</strong></span> 
     </span>
    </p>

    <p class='ocr_par' dir='ltr' id='par_1_5' title="bbox 267 1514 1603 1791">
     <span class='ocr_line' id='line_1_13' title="bbox 324 1514 1603 1607; baseline -0.001 -24"><span class='ocrx_word' id='word_1_94' title='bbox 324 1519 614 1607; x_wconf 72' lang='grc' dir='ltr'><strong>ΙἈκαταληψία,</strong></span> <span class='ocrx_word' id='word_1_95' title='bbox 652 1515 782 1599; x_wconf 75' lang='grc' dir='ltr'><strong><em>ορίτιίο.</em></strong></span> <span class='ocrx_word' id='word_1_96' title='bbox 805 1514 1116 1593; x_wconf 79' lang='grc' dir='ltr'><strong><em>Αοαάοοιίοοτπιπ,</em></strong></span> <span class='ocrx_word' id='word_1_97' title='bbox 1147 1516 1208 1602; x_wconf 78' lang='lat' dir='ltr'><strong>qui</strong></span> <span class='ocrx_word' id='word_1_98' title='bbox 1243 1517 1329 1583; x_wconf 75' lang='lat' dir='ltr'><strong>nihil</strong></span> <span class='ocrx_word' id='word_1_99' title='bbox 1358 1518 1603 1600; x_wconf 74' lang='lat' dir='ltr'><strong>comprehendi</strong></span> 
     </span>
     <span class='ocr_line' id='line_1_14' title="bbox 267 1609 1601 1695; baseline 0.002 -19"><span class='ocrx_word' id='word_1_100' title='bbox 267 1633 374 1695; x_wconf 78' lang='lat' dir='ltr'><strong>poree</strong></span> <span class='ocrx_word' id='word_1_101' title='bbox 401 1612 572 1676; x_wconf 82' lang='lat' dir='ltr'><strong>dicebant.</strong></span> <span class='ocrx_word' id='word_1_102' title='bbox 621 1609 687 1691; x_wconf 86' lang='lat' dir='ltr'><strong>„In</strong></span> <span class='ocrx_word' id='word_1_103' title='bbox 714 1609 760 1673; x_wconf 80' lang='lat' dir='ltr'><strong>eie</strong></span> <span class='ocrx_word' id='word_1_104' title='bbox 788 1609 937 1689; x_wconf 80' lang='lat' dir='ltr'><strong>(iibria),</strong></span> <span class='ocrx_word' id='word_1_105' title='bbox 977 1631 1059 1693; x_wconf 89' lang='lat' dir='ltr'><strong>quae</strong></span> <span class='ocrx_word' id='word_1_106' title='bbox 1092 1622 1183 1674; x_wconf 82' lang='lat' dir='ltr'><strong>erant</strong></span> <span class='ocrx_word' id='word_1_107' title='bbox 1216 1622 1329 1676; x_wconf 85' lang='lat' dir='ltr'><strong>contra</strong></span> <span class='ocrx_word' id='word_1_108' title='bbox 1361 1613 1601 1694; x_wconf 74' lang='grc' dir='ltr'><strong><em>ἀκαταληψίαν</em></strong></span> 
     </span>
     <span class='ocr_line' id='line_1_15' title="bbox 271 1702 1600 1791; baseline 0.002 -21"><span class='ocrx_word' id='word_1_109' title='bbox 271 1708 437 1791; x_wconf 87' lang='lat' dir='ltr'><strong>praeclare</strong></span> <span class='ocrx_word' id='word_1_110' title='bbox 460 1706 596 1771; x_wconf 87' lang='lat' dir='ltr'><strong>collecta</strong></span> <span class='ocrx_word' id='word_1_111' title='bbox 618 1706 659 1767; x_wconf 92' lang='lat' dir='ltr'><strong>ab</strong></span> <span class='ocrx_word' id='word_1_112' title='bbox 680 1703 867 1782; x_wconf 78' lang='lat' dir='ltr'><strong>Antiocho,</strong></span> <span class='ocrx_word' id='word_1_113' title='bbox 891 1702 1037 1770; x_wconf 85' lang='lat' dir='ltr'><strong>Varroni</strong></span> <span class='ocrx_word' id='word_1_114' title='bbox 1060 1705 1171 1769; x_wconf 87' lang='lat' dir='ltr'><strong>dedi.&#39;&#39;</strong></span> <span class='ocrx_word' id='word_1_115' title='bbox 1194 1708 1234 1769; x_wconf 83' lang='lat' dir='ltr'><strong>ad</strong></span> <span class='ocrx_word' id='word_1_116' title='bbox 1257 1708 1329 1769; x_wconf 81' lang='lat' dir='ltr'><strong>Att.</strong></span> <span class='ocrx_word' id='word_1_117' title='bbox 1352 1707 1457 1772; x_wconf 88' lang='lat' dir='ltr'><strong>XIII.</strong></span> <span class='ocrx_word' id='word_1_118' title='bbox 1482 1710 1540 1785; x_wconf 79' lang='lat'><strong>19,</strong></span> <span class='ocrx_word' id='word_1_119' title='bbox 1566 1710 1600 1772; x_wconf 79' lang='grc'><strong>3.</strong></span> 
     </span>
    </p>

    <p class='ocr_par' dir='ltr' id='par_1_6' title="bbox 270 1799 1603 2067">
     <span class='ocr_line' id='line_1_16' title="bbox 352 1799 1603 1886; baseline -0.002 -18"><span class='ocrx_word' id='word_1_120' title='bbox 352 1801 634 1877; x_wconf 78' lang='grc' dir='ltr'><strong><em>Ἀκενόσπουδος,</em></strong></span> <span class='ocrx_word' id='word_1_121' title='bbox 662 1799 853 1867; x_wconf 58' lang='lat' dir='ltr'><strong>abhorrens</strong></span> <span class='ocrx_word' id='word_1_122' title='bbox 880 1818 903 1861; x_wconf 90' lang='grc' dir='ltr'><strong><em>α</em></strong></span> <span class='ocrx_word' id='word_1_123' title='bbox 929 1799 1047 1862; x_wconf 69' lang='lat' dir='ltr'><strong>studio</strong></span> <span class='ocrx_word' id='word_1_124' title='bbox 1076 1822 1193 1864; x_wconf 85' lang='lat' dir='ltr'><strong>rerum</strong></span> <span class='ocrx_word' id='word_1_125' title='bbox 1225 1800 1395 1866; x_wconf 84' lang='lat' dir='ltr'><strong>inanium.</strong></span> <span class='ocrx_word' id='word_1_126' title='bbox 1440 1804 1603 1886; x_wconf 86' lang='lat' dir='ltr'><strong>„Meher-</strong></span> 
     </span>
     <span class='ocr_line' id='line_1_17' title="bbox 270 1891 1601 1979; baseline 0.002 -20"><span class='ocrx_word' id='word_1_127' title='bbox 270 1895 342 1960; x_wconf 87' lang='lat' dir='ltr'><strong>cule</strong></span> <span class='ocrx_word' id='word_1_128' title='bbox 370 1902 451 1979; x_wconf 87' lang='lat' dir='ltr'><strong>puto</strong></span> <span class='ocrx_word' id='word_1_129' title='bbox 483 1908 513 1959; x_wconf 90' lang='lat' dir='ltr'><strong>te</strong></span> <span class='ocrx_word' id='word_1_130' title='bbox 539 1895 701 1978; x_wconf 75' lang='lat' dir='ltr'><strong>aapIenter</strong></span> <span class='ocrx_word' id='word_1_131' title='bbox 722 1893 902 1969; x_wconf 81' lang='lat' dir='ltr'><strong>facturum,</strong></span> <span class='ocrx_word' id='word_1_132' title='bbox 935 1891 964 1955; x_wconf 80' lang='lat' dir='ltr'><strong>si</strong></span> <span class='ocrx_word' id='word_1_133' title='bbox 985 1893 1227 1971; x_wconf 82' lang='grc' dir='ltr'><strong><em>ἀκενόσπουδος</em></strong></span> <span class='ocrx_word' id='word_1_134' title='bbox 1248 1895 1391 1961; x_wconf 81' lang='lat' dir='ltr'><strong>fiterie.&#39;’</strong></span> <span class='ocrx_word' id='word_1_135' title='bbox 1446 1898 1488 1960; x_wconf 90' lang='lat' dir='ltr'><strong>ad</strong></span> <span class='ocrx_word' id='word_1_136' title='bbox 1508 1897 1601 1961; x_wconf 79' lang='lat' dir='ltr'><strong>Fani.</strong></span> 
     </span>
     <span class='ocr_line' id='line_1_18' title="bbox 271 1990 499 2067; baseline -0.009 -11"><span class='ocrx_word' id='word_1_137' title='bbox 271 1991 353 2056; x_wconf 90' lang='lat' dir='ltr'><strong>XV.</strong></span> <span class='ocrx_word' id='word_1_138' title='bbox 378 1993 416 2053; x_wconf 84' lang='lat'><strong>17</strong></span> <span class='ocrx_word' id='word_1_139' title='bbox 427 2035 436 2067; x_wconf 91' lang='lat'>‚</span> <span class='ocrx_word' id='word_1_140' title='bbox 468 1990 499 2054; x_wconf 79' lang='lat'><strong>4.</strong></span> 
     </span>
    </p>

    <p class='ocr_par' dir='ltr' id='par_1_7' title="bbox 272 2082 1602 2268">
     <span class='ocr_line' id='line_1_19' title="bbox 346 2082 1602 2171; baseline -0.002 -21"><span class='ocrx_word' id='word_1_141' title='bbox 346 2087 548 2171; x_wconf 78' lang='grc' dir='ltr'><strong><em>Ἀκεραίως,</em></strong></span> <span class='ocrx_word' id='word_1_142' title='bbox 571 2083 721 2157; x_wconf 69' lang='lat' dir='ltr'><strong>sincere,</strong></span> <span class='ocrx_word' id='word_1_143' title='bbox 744 2082 893 2165; x_wconf 81' lang='lat' dir='ltr'><strong>integre.</strong></span> <span class='ocrx_word' id='word_1_144' title='bbox 945 2083 1064 2165; x_wconf 87' lang='lat' dir='ltr'><strong>„Nihil</strong></span> <span class='ocrx_word' id='word_1_145' title='bbox 1087 2103 1174 2148; x_wconf 87' lang='lat' dir='ltr'><strong>cram</strong></span> <span class='ocrx_word' id='word_1_146' title='bbox 1196 2083 1373 2167; x_wconf 76' lang='lat' dir='ltr'><strong>crispicatue</strong></span> <span class='ocrx_word' id='word_1_147' title='bbox 1397 2086 1435 2150; x_wconf 88' lang='lat' dir='ltr'><strong>dc</strong></span> <span class='ocrx_word' id='word_1_148' title='bbox 1457 2084 1602 2149; x_wconf 75' lang='lat' dir='ltr'><strong>tabulis:</strong></span> 
     </span>
     <span class='ocr_line' id='line_1_20' title="bbox 272 2175 1310 2268; baseline -0.003 -24"><span class='ocrx_word' id='word_1_149' title='bbox 272 2179 435 2268; x_wconf 76' lang='grc' dir='ltr'><strong>ἀκεραίως</strong></span> <span class='ocrx_word' id='word_1_150' title='bbox 462 2178 639 2242; x_wconf 75' lang='lat' dir='ltr'><strong>restitutam</strong></span> <span class='ocrx_word' id='word_1_151' title='bbox 662 2177 856 2240; x_wconf 85' lang='lat' dir='ltr'><strong>arbitrabar.</strong></span> <span class='ocrx_word' id='word_1_152' title='bbox 867 2175 886 2204; x_wconf 85' lang='lat'><strong>&#39;’</strong></span> <span class='ocrx_word' id='word_1_153' title='bbox 930 2178 969 2240; x_wconf 87' lang='lat' dir='ltr'><strong>ad</strong></span> <span class='ocrx_word' id='word_1_154' title='bbox 991 2180 1062 2244; x_wconf 77' lang='lat' dir='ltr'><strong>An.</strong></span> <span class='ocrx_word' id='word_1_155' title='bbox 1086 2180 1168 2244; x_wconf 90' lang='lat' dir='ltr'><strong>XV.</strong></span> <span class='ocrx_word' id='word_1_156' title='bbox 1194 2178 1252 2254; x_wconf 78' lang='lat'><strong>21,</strong></span> <span class='ocrx_word' id='word_1_157' title='bbox 1277 2179 1310 2242; x_wconf 74' lang='lat'><strong>2.</strong></span> 
     </span>
    </p>

    <p class='ocr_par' dir='ltr' id='par_1_8' title="bbox 273 2272 1607 2448">
     <span class='ocr_line' id='line_1_21' title="bbox 358 2272 1607 2356; baseline -0.002 -17"><span class='ocrx_word' id='word_1_158' title='bbox 358 2273 551 2354; x_wconf 77' lang='grc' dir='ltr'><strong><em>[Ἀκήδεια,</em></strong></span> <span class='ocrx_word' id='word_1_159' title='bbox 575 2283 806 2356; x_wconf 80' lang='lat' dir='ltr'><strong>contemptur,</strong></span> <span class='ocrx_word' id='word_1_160' title='bbox 834 2272 922 2355; x_wconf 90' lang='lat' dir='ltr'><strong>quod</strong></span> <span class='ocrx_word' id='word_1_161' title='bbox 949 2292 1046 2335; x_wconf 87' lang='lat' dir='ltr'><strong>curae</strong></span> <span class='ocrx_word' id='word_1_162' title='bbox 1076 2284 1108 2337; x_wconf 89' lang='lat' dir='ltr'><strong>et</strong></span> <span class='ocrx_word' id='word_1_163' title='bbox 1135 2273 1241 2338; x_wconf 77' lang='lat' dir='ltr'><strong>studio</strong></span> <span class='ocrx_word' id='word_1_164' title='bbox 1270 2273 1386 2338; x_wconf 87' lang='lat' dir='ltr'><strong>nemini</strong></span> <span class='ocrx_word' id='word_1_165' title='bbox 1413 2283 1508 2338; x_wconf 80' lang='lat' dir='ltr'><strong>esset.</strong></span> <span class='ocrx_word' id='word_1_166' title='bbox 1562 2275 1607 2336; x_wconf 87' lang='lat' dir='ltr'><strong>ad</strong></span> 
     </span>
     <span class='ocr_line' id='line_1_22' title="bbox 273 2361 1359 2448; baseline -0.001 -16"><span class='ocrx_word' id='word_1_167' title='bbox 273 2368 436 2447; x_wconf 71' lang='lat' dir='ltr'><strong>Att.‚lV.</strong></span> <span class='ocrx_word' id='word_1_168' title='bbox 462 2366 522 2443; x_wconf 89' lang='grc'><strong>18,</strong></span> <span class='ocrx_word' id='word_1_169' title='bbox 548 2366 601 2448; x_wconf 85' lang='grc'><strong>3.]</strong></span> <span class='ocrx_word' id='word_1_170' title='bbox 1352 2361 1359 2374; x_wconf 87' lang='grc'><strong>’</strong></span> 
     </span>
    </p>

    <p class='ocr_par' dir='ltr' id='par_1_9' title="bbox 352 2460 1604 2545">
     <span class='ocr_line' id='line_1_23' title="bbox 352 2460 1604 2545; baseline -0.004 -15"><span class='ocrx_word' id='word_1_171' title='bbox 352 2464 511 2543; x_wconf 79' lang='grc' dir='ltr'><strong><em>Ἀκηὸία,</em></strong></span> <span class='ocrx_word' id='word_1_172' title='bbox 542 2460 689 2545; x_wconf 81' lang='lat' dir='ltr'><strong>torpedo</strong></span> <span class='ocrx_word' id='word_1_173' title='bbox 710 2482 788 2524; x_wconf 85' lang='lat' dir='ltr'><strong>cunr</strong></span> <span class='ocrx_word' id='word_1_174' title='bbox 810 2460 998 2526; x_wconf 77' lang='lat' dir='ltr'><strong>maestitia.</strong></span> <span class='ocrx_word' id='word_1_175' title='bbox 1048 2461 1210 2542; x_wconf 62' lang='grc' dir='ltr'><strong><em>»Ἀιιηδία</em></strong></span> <span class='ocrx_word' id='word_1_176' title='bbox 1232 2473 1287 2528; x_wconf 86' lang='lat' dir='ltr'><strong>tua</strong></span> <span class='ocrx_word' id='word_1_177' title='bbox 1311 2474 1510 2530; x_wconf 83' lang='lat' dir='ltr'><strong>memoret:</strong></span> <span class='ocrx_word' id='word_1_178' title='bbox 1542 2462 1604 2526; x_wconf 76' lang='lat' dir='ltr'><strong>etri</strong></span> 
     </span>
    </p>
   </div>
   <div class='ocr_carea' id='block_1_3' title="bbox 272 2552 1052 2630">
    <p class='ocr_par' dir='ltr' id='par_1_10' title="bbox 272 2552 1052 2630">
     <span class='ocr_line' id='line_1_24' title="bbox 272 2552 1052 2630; baseline -0.003 -8"><span class='ocrx_word' id='word_1_179' title='bbox 272 2557 385 2622; x_wconf 77' lang='lat' dir='ltr'><strong>acribia</strong></span> <span class='ocrx_word' id='word_1_180' title='bbox 413 2556 489 2620; x_wconf 85' lang='lat' dir='ltr'><strong>nihil</strong></span> <span class='ocrx_word' id='word_1_181' title='bbox 513 2555 622 2621; x_wconf 80' lang='lat' dir='ltr'><strong>ecee.&#39;’</strong></span> <span class='ocrx_word' id='word_1_182' title='bbox 668 2556 707 2617; x_wconf 92' lang='lat' dir='ltr'><strong>ad</strong></span> <span class='ocrx_word' id='word_1_183' title='bbox 729 2556 802 2619; x_wconf 78' lang='lat' dir='ltr'><strong>Art.</strong></span> <span class='ocrx_word' id='word_1_184' title='bbox 825 2552 910 2619; x_wconf 85' lang='lat' dir='ltr'><strong>XII.</strong></span> <span class='ocrx_word' id='word_1_185' title='bbox 935 2556 996 2630; x_wconf 73' lang='lat'><strong>45,</strong></span> <span class='ocrx_word' id='word_1_186' title='bbox 1020 2556 1052 2620; x_wconf 77' lang='lat'><strong>2.</strong></span> 
     </span>
    </p>
   </div>
   <div class='ocr_carea' id='block_1_4' title="bbox 218 2649 1655 4913">
    <p class='ocr_par' dir='ltr' id='par_1_11' title="bbox 272 2649 1603 2912">
     <span class='ocr_line' id='line_1_25' title="bbox 352 2649 1601 2736; baseline -0.002 -20"><span class='ocrx_word' id='word_1_187' title='bbox 352 2653 548 2726; x_wconf 81' lang='grc' dir='ltr'><strong><em>Ἀκίνδυνα,</em></strong></span> <span class='ocrx_word' id='word_1_188' title='bbox 579 2651 654 2713; x_wconf 84' lang='lat' dir='ltr'><strong>aine</strong></span> <span class='ocrx_word' id='word_1_189' title='bbox 681 2651 850 2734; x_wconf 68' lang='lat' dir='ltr'><strong>periendo.</strong></span> <span class='ocrx_word' id='word_1_190' title='bbox 903 2651 1015 2732; x_wconf 81' lang='lat' dir='ltr'><strong>„Illud</strong></span> <span class='ocrx_word' id='word_1_191' title='bbox 1045 2650 1118 2713; x_wconf 82' lang='lat' dir='ltr'><strong>inihi</strong></span> <span class='ocrx_word' id='word_1_192' title='bbox 1152 2649 1367 2735; x_wconf 75' lang='lat' dir='ltr'><strong>gratissimum</strong></span> <span class='ocrx_word' id='word_1_193' title='bbox 1400 2651 1477 2728; x_wconf 81' lang='lat' dir='ltr'><strong>init,</strong></span> <span class='ocrx_word' id='word_1_194' title='bbox 1514 2653 1601 2736; x_wconf 85' lang='lat' dir='ltr'><strong>quod</strong></span> 
     </span>
     <span class='ocr_line' id='line_1_26' title="bbox 272 2743 1603 2829; baseline 0 -19"><span class='ocrx_word' id='word_1_195' title='bbox 272 2745 382 2810; x_wconf 83' lang='lat' dir='ltr'><strong>Attica</strong></span> <span class='ocrx_word' id='word_1_196' title='bbox 413 2758 521 2807; x_wconf 82' lang='lat' dir='ltr'><strong>nostra</strong></span> <span class='ocrx_word' id='word_1_197' title='bbox 552 2756 648 2820; x_wconf 75' lang='lat' dir='ltr'><strong>rogat</strong></span> <span class='ocrx_word' id='word_1_198' title='bbox 671 2754 723 2820; x_wconf 89' lang='lat' dir='ltr'><strong>te,</strong></span> <span class='ocrx_word' id='word_1_199' title='bbox 748 2765 786 2806; x_wconf 91' lang='lat' dir='ltr'><strong>ne</strong></span> <span class='ocrx_word' id='word_1_200' title='bbox 810 2743 909 2808; x_wconf 77' lang='lat' dir='ltr'><strong>tristia</strong></span> <span class='ocrx_word' id='word_1_201' title='bbox 932 2745 994 2822; x_wconf 80' lang='lat' dir='ltr'><strong>sis,</strong></span> <span class='ocrx_word' id='word_1_202' title='bbox 1019 2747 1171 2829; x_wconf 84' lang='lat' dir='ltr'><strong>quodque</strong></span> <span class='ocrx_word' id='word_1_203' title='bbox 1194 2756 1228 2806; x_wconf 89' lang='lat' dir='ltr'><strong>tu</strong></span> <span class='ocrx_word' id='word_1_204' title='bbox 1250 2746 1409 2825; x_wconf 79' lang='grc' dir='ltr'><strong><em>ἀκίνδυνα</em></strong></span> <span class='ocrx_word' id='word_1_205' title='bbox 1431 2766 1500 2808; x_wconf 77' lang='lat' dir='ltr'><strong>ecee</strong></span> <span class='ocrx_word' id='word_1_206' title='bbox 1523 2746 1603 2810; x_wconf 79' lang='lat' dir='ltr'><strong>scri-</strong></span> 
     </span>
     <span class='ocr_line' id='line_1_27' title="bbox 272 2836 1011 2912; baseline -0.004 -10"><span class='ocrx_word' id='word_1_207' title='bbox 272 2837 358 2903; x_wconf 77' lang='lat' dir='ltr'><strong>bis.”</strong></span> <span class='ocrx_word' id='word_1_208' title='bbox 400 2836 804 2912; x_wconf 74' lang='lat' dir='ltr'><strong>toait.x111.19,1.</strong></span> <span class='ocrx_word' id='word_1_209' title='bbox 1006 2842 1011 2855; x_wconf 84' lang='grc'><em>“</em></span> 
     </span>
    </p>

    <p class='ocr_par' dir='ltr' id='par_1_12' title="bbox 271 2931 1606 3294">
     <span class='ocr_line' id='line_1_28' title="bbox 354 2931 1606 3020; baseline 0 -23"><span class='ocrx_word' id='word_1_210' title='bbox 354 2932 534 2998; x_wconf 81' lang='grc' dir='ltr'><strong><em>Ἀκίνδυνα</em></strong></span> <span class='ocrx_word' id='word_1_211' title='bbox 558 2932 644 3017; x_wconf 80' lang='grc' dir='ltr'><strong><em>μὲν,</em></strong></span> <span class='ocrx_word' id='word_1_212' title='bbox 670 2931 875 3020; x_wconf 74' lang='grc' dir='ltr'><strong><em>χρονιώτερα</em></strong></span> <span class='ocrx_word' id='word_1_213' title='bbox 906 2932 958 3010; x_wconf 72' lang='grc' dir='ltr'><strong>δέ,</strong></span> <span class='ocrx_word' id='word_1_214' title='bbox 987 2932 1135 3017; x_wconf 82' lang='lat' dir='ltr'><strong>periculi</strong></span> <span class='ocrx_word' id='word_1_215' title='bbox 1163 2931 1300 3016; x_wconf 79' lang='lat' dir='ltr'><strong>quidem</strong></span> <span class='ocrx_word' id='word_1_216' title='bbox 1328 2934 1507 3014; x_wconf 82' lang='lat' dir='ltr'><strong>expertia,</strong></span> <span class='ocrx_word' id='word_1_217' title='bbox 1541 2935 1606 3000; x_wconf 78' lang='lat' dir='ltr'><strong>aed</strong></span> 
     </span>
     <span class='ocr_line' id='line_1_29' title="bbox 271 3026 1601 3115; baseline -0.003 -21"><span class='ocrx_word' id='word_1_218' title='bbox 271 3027 508 3095; x_wconf 65' lang='lat' dir='ltr'><strong>diuturniora.</strong></span> <span class='ocrx_word' id='word_1_219' title='bbox 554 3027 644 3109; x_wconf 82' lang='lat' dir='ltr'><strong>„Qui</strong></span> <span class='ocrx_word' id='word_1_220' title='bbox 669 3026 816 3102; x_wconf 81' lang='lat' dir='ltr'><strong>veniunt,</strong></span> <span class='ocrx_word' id='word_1_221' title='bbox 847 3028 1005 3093; x_wconf 81' lang='grc' dir='ltr'><strong><em>ἀκίνδυνα</em></strong></span> <span class='ocrx_word' id='word_1_222' title='bbox 1024 3027 1103 3112; x_wconf 78' lang='grc' dir='ltr'><strong><em>μὲν,</em></strong></span> <span class='ocrx_word' id='word_1_223' title='bbox 1130 3028 1333 3115; x_wconf 76' lang='grc' dir='ltr'><strong><em>χρονιώτερα</em></strong></span> <span class='ocrx_word' id='word_1_224' title='bbox 1355 3033 1390 3093; x_wconf 76' lang='grc' dir='ltr'><strong>δὲ</strong></span> <span class='ocrx_word' id='word_1_225' title='bbox 1411 3028 1601 3102; x_wconf 83' lang='lat' dir='ltr'><strong>nuntiant,&#39;&#39;</strong></span> 
     </span>
     <span class='ocr_line' id='line_1_30' title="bbox 273 3119 1605 3204; baseline -0.002 -18"><span class='ocrx_word' id='word_1_226' title='bbox 273 3121 297 3186; x_wconf 96' lang='lat' dir='ltr'><strong>i.</strong></span> <span class='ocrx_word' id='word_1_227' title='bbox 328 3143 358 3185; x_wconf 89' lang='lat' dir='ltr'><strong>e.</strong></span> <span class='ocrx_word' id='word_1_228' title='bbox 390 3121 474 3184; x_wconf 88' lang='lat' dir='ltr'><strong>vitae</strong></span> <span class='ocrx_word' id='word_1_229' title='bbox 497 3119 624 3204; x_wconf 81' lang='lat' dir='ltr'><strong>quidem</strong></span> <span class='ocrx_word' id='word_1_230' title='bbox 648 3121 823 3202; x_wconf 84' lang='lat' dir='ltr'><strong>periculum</strong></span> <span class='ocrx_word' id='word_1_231' title='bbox 846 3124 975 3199; x_wconf 76' lang='lat' dir='ltr'><strong>abesae,</strong></span> <span class='ocrx_word' id='word_1_232' title='bbox 1007 3124 1065 3185; x_wconf 84' lang='lat' dir='ltr'><strong>sed</strong></span> <span class='ocrx_word' id='word_1_233' title='bbox 1089 3120 1320 3185; x_wconf 84' lang='lat' dir='ltr'><strong>diuturniorem</strong></span> <span class='ocrx_word' id='word_1_234' title='bbox 1351 3123 1495 3188; x_wconf 82' lang='lat' dir='ltr'><strong>morbum</strong></span> <span class='ocrx_word' id='word_1_235' title='bbox 1522 3119 1605 3201; x_wconf 77' lang='lat' dir='ltr'><strong>(Ti-</strong></span> 
     </span>
     <span class='ocr_line' id='line_1_31' title="bbox 273 3214 925 3294; baseline -0.003 -13"><span class='ocrx_word' id='word_1_236' title='bbox 273 3217 382 3294; x_wconf 73' lang='lat' dir='ltr'><strong>ronis)</strong></span> <span class='ocrx_word' id='word_1_237' title='bbox 404 3217 487 3278; x_wconf 82' lang='lat' dir='ltr'><strong>fore.</strong></span> <span class='ocrx_word' id='word_1_238' title='bbox 532 3215 571 3276; x_wconf 89' lang='lat' dir='ltr'><strong>ad</strong></span> <span class='ocrx_word' id='word_1_239' title='bbox 594 3215 686 3278; x_wconf 83' lang='lat' dir='ltr'><strong>Fato.</strong></span> <span class='ocrx_word' id='word_1_240' title='bbox 710 3214 810 3279; x_wconf 86' lang='lat' dir='ltr'><strong>XVI.</strong></span> <span class='ocrx_word' id='word_1_241' title='bbox 832 3215 869 3290; x_wconf 86' lang='lat'><strong>8,</strong></span> <span class='ocrx_word' id='word_1_242' title='bbox 895 3219 925 3279; x_wconf 88' lang='lat'><strong>1.</strong></span> 
     </span>
    </p>

    <p class='ocr_par' dir='ltr' id='par_1_13' title="bbox 270 3307 1600 3393">
     <span class='ocr_line' id='line_1_32' title="bbox 270 3307 1600 3393; baseline -0.007 -12"><span class='ocrx_word' id='word_1_243' title='bbox 270 3378 272 3381; x_wconf 84' lang='lat'><strong>.</strong></span> <span class='ocrx_word' id='word_1_244' title='bbox 356 3311 588 3390; x_wconf 66' lang='grc' dir='ltr'><strong><em>Ἀκκίζεοθαι,</em></strong></span> <span class='ocrx_word' id='word_1_245' title='bbox 613 3307 833 3373; x_wconf 83' lang='lat' dir='ltr'><strong>dieeimulare</strong></span> <span class='ocrx_word' id='word_1_246' title='bbox 848 3310 1073 3393; x_wconf 83' lang='lat' dir='ltr'><strong>cupiditatem</strong></span> <span class='ocrx_word' id='word_1_247' title='bbox 1086 3331 1206 3387; x_wconf 74' lang='lat' dir='ltr'><strong>suom,</strong></span> <span class='ocrx_word' id='word_1_248' title='bbox 1231 3333 1301 3375; x_wconf 84' lang='lat' dir='ltr'><strong>corn</strong></span> <span class='ocrx_word' id='word_1_249' title='bbox 1326 3309 1426 3375; x_wconf 80' lang='lat' dir='ltr'><strong>videri</strong></span> <span class='ocrx_word' id='word_1_250' title='bbox 1449 3311 1600 3386; x_wconf 69' lang='lat' dir='ltr'><strong>velimus,</strong></span> 
     </span>
    </p>

    <p class='ocr_par' dir='ltr' id='par_1_14' title="bbox 274 3402 1604 3487">
     <span class='ocr_line' id='line_1_33' title="bbox 274 3402 1604 3487; baseline 0.004 -19"><span class='ocrx_word' id='word_1_251' title='bbox 274 3427 339 3471; x_wconf 90' lang='lat' dir='ltr'><strong>non</strong></span> <span class='ocrx_word' id='word_1_252' title='bbox 363 3425 479 3487; x_wconf 85' lang='lat' dir='ltr'><strong>cuprre</strong></span> <span class='ocrx_word' id='word_1_253' title='bbox 503 3425 579 3479; x_wconf 77' lang='lat' dir='ltr'><strong>noe,</strong></span> <span class='ocrx_word' id='word_1_254' title='bbox 610 3414 642 3466; x_wconf 91' lang='lat' dir='ltr'><strong>et</strong></span> <span class='ocrx_word' id='word_1_255' title='bbox 670 3416 773 3467; x_wconf 88' lang='lat' dir='ltr'><strong>tamen</strong></span> <span class='ocrx_word' id='word_1_256' title='bbox 800 3402 1004 3468; x_wconf 82' lang='lat' dir='ltr'><strong>vehementer</strong></span> <span class='ocrx_word' id='word_1_257' title='bbox 1026 3404 1185 3485; x_wconf 75' lang='lat' dir='ltr'><strong>cupimus,</strong></span> <span class='ocrx_word' id='word_1_258' title='bbox 1216 3407 1280 3469; x_wconf 90' lang='lat' dir='ltr'><strong>hoe</strong></span> <span class='ocrx_word' id='word_1_259' title='bbox 1302 3406 1383 3469; x_wconf 80' lang='lat' dir='ltr'><strong>enirn</strong></span> <span class='ocrx_word' id='word_1_260' title='bbox 1406 3416 1454 3468; x_wconf 81' lang='lat' dir='ltr'><strong>eat</strong></span> <span class='ocrx_word' id='word_1_261' title='bbox 1475 3409 1604 3486; x_wconf 77' lang='grc' dir='ltr'><strong><em>ἀκκίζε-</em></strong></span> 
     </span>
    </p>

    <p class='ocr_par' dir='ltr' id='par_1_15' title="bbox 218 3497 1655 3658">
     <span class='ocr_line' id='line_1_34' title="bbox 275 3497 1655 3591; baseline 0.003 -32"><span class='ocrx_word' id='word_1_262' title='bbox 275 3508 376 3569; x_wconf 62' lang='grc' dir='ltr'><strong><em>σθαι,</em></strong></span> <span class='ocrx_word' id='word_1_263' title='bbox 407 3501 488 3561; x_wconf 87' lang='lat' dir='ltr'><strong>unde</strong></span> <span class='ocrx_word' id='word_1_264' title='bbox 510 3497 699 3582; x_wconf 58' lang='grc' dir='ltr'><strong><em>ἀκνισμός,,</em></strong></span> <span class='ocrx_word' id='word_1_265' title='bbox 719 3497 900 3562; x_wconf 80' lang='lat' dir='ltr'><strong>ncciamua.</strong></span> <span class='ocrx_word' id='word_1_266' title='bbox 946 3498 1108 3581; x_wconf 76' lang='lat' dir='ltr'><strong>Exemplo</strong></span> <span class='ocrx_word' id='word_1_267' title='bbox 1132 3520 1202 3563; x_wconf 75' lang='lat' dir='ltr'><strong>esse</strong></span> <span class='ocrx_word' id='word_1_268' title='bbox 1228 3510 1336 3582; x_wconf 79' lang='lat' dir='ltr'><strong>potest</strong></span> <span class='ocrx_word' id='word_1_269' title='bbox 1362 3500 1516 3564; x_wconf 75' lang='lat' dir='ltr'><strong>accisione</strong></span> <span class='ocrx_word' id='word_1_270' title='bbox 1548 3500 1605 3565; x_wconf 82' lang='lat' dir='ltr'><strong>Ti·</strong></span> <span class='ocrx_word' id='word_1_271' title='bbox 1654 3572 1655 3591; x_wconf 17' lang='lat' dir='ltr'><strong>p</strong></span> 
     </span>
     <span class='ocr_line' id='line_1_35' title="bbox 218 3592 1601 3658; baseline 0.002 -4"><span class='ocrx_word' id='word_1_272' title='bbox 218 3646 221 3654; x_wconf 46' lang='lat'><strong>.</strong></span> <span class='ocrx_word' id='word_1_273' title='bbox 276 3594 358 3658; x_wconf 86' lang='lat' dir='ltr'><strong>berii</strong></span> <span class='ocrx_word' id='word_1_274' title='bbox 387 3595 530 3658; x_wconf 80' lang='lat' dir='ltr'><strong>Neronia</strong></span> <span class='ocrx_word' id='word_1_275' title='bbox 559 3592 650 3658; x_wconf 79' lang='lat' dir='ltr'><strong>vett.</strong></span> <span class='ocrx_word' id='word_1_276' title='bbox 681 3592 730 3657; x_wconf 91' lang='lat' dir='ltr'><strong>II.</strong></span> <span class='ocrx_word' id='word_1_277' title='bbox 755 3593 808 3655; x_wconf 74' lang='lat'><strong>23.</strong></span> <span class='ocrx_word' id='word_1_278' title='bbox 861 3593 967 3657; x_wconf 83' lang='lat' dir='ltr'><strong>Tacit.</strong></span> <span class='ocrx_word' id='word_1_279' title='bbox 992 3594 1079 3658; x_wconf 83' lang='lat' dir='ltr'><strong>Ano.</strong></span> <span class='ocrx_word' id='word_1_280' title='bbox 1104 3593 1420 3657; x_wconf 77' lang='lat' dir='ltr'><strong>I.3et11.Enu.</strong></span> <span class='ocrx_word' id='word_1_281' title='bbox 1465 3592 1601 3657; x_wconf 80' lang='lat' dir='ltr'><strong>Suidaa:</strong></span> 
     </span>
    </p>

    <p class='ocr_par' dir='ltr' id='par_1_16' title="bbox 273 3682 1654 4630">
     <span class='ocr_line' id='line_1_36' title="bbox 273 3686 1602 3774; baseline -0.001 -19"><span class='ocrx_word' id='word_1_282' title='bbox 273 3688 571 3772; x_wconf 80' lang='grc' dir='ltr'><strong><em>Ἀκκιζόμενος.</em></strong></span> <span class='ocrx_word' id='word_1_283' title='bbox 613 3688 916 3772; x_wconf 71' lang='grc' dir='ltr'><strong><em>προσποιούμενος,</em></strong></span> <span class='ocrx_word' id='word_1_284' title='bbox 951 3689 1232 3773; x_wconf 77' lang='grc' dir='ltr'><strong><em>γυναικιζόμενος,</em></strong></span> <span class='ocrx_word' id='word_1_285' title='bbox 1264 3691 1286 3769; x_wconf 83' lang='grc' dir='ltr'><em>ἤ</em></span> <span class='ocrx_word' id='word_1_286' title='bbox 1318 3699 1503 3774; x_wconf 91' lang='grc' dir='ltr'><strong><em>μωραίνων.</em></strong></span> <span class='ocrx_word' id='word_1_287' title='bbox 1536 3686 1602 3754; x_wconf 84' lang='grc' dir='ltr'><strong>ἀπό</strong></span> 
     </span>
     <span class='ocr_line' id='line_1_37' title="bbox 276 3783 1653 3868; baseline -0.001 -17"><span class='ocrx_word' id='word_1_288' title='bbox 276 3811 362 3861; x_wconf 80' lang='grc' dir='ltr'><strong><em>τινος</em></strong></span> <span class='ocrx_word' id='word_1_289' title='bbox 382 3784 536 3868; x_wconf 81' lang='grc' dir='ltr'><strong><em>γυναικὸς</em></strong></span> <span class='ocrx_word' id='word_1_290' title='bbox 557 3787 691 3868; x_wconf 81' lang='grc' dir='ltr'><em>μωροῖς,</em></span> <span class='ocrx_word' id='word_1_291' title='bbox 726 3783 795 3865; x_wconf 76' lang='grc' dir='ltr'><strong><em>ἥτις</em></strong></span> <span class='ocrx_word' id='word_1_292' title='bbox 818 3792 965 3851; x_wconf 80' lang='grc' dir='ltr'><strong><em>ἐκαλεῖτο</em></strong></span> <span class='ocrx_word' id='word_1_293' title='bbox 989 3787 1109 3853; x_wconf 77' lang='grc' dir='ltr'><strong>Ἀκκῶ.</strong></span> <span class='ocrx_word' id='word_1_294' title='bbox 1163 3794 1316 3868; x_wconf 76' lang='grc' dir='ltr'><strong>σημαίνει</strong></span> <span class='ocrx_word' id='word_1_295' title='bbox 1337 3788 1375 3848; x_wconf 76' lang='lat' dir='ltr'><strong>dd</strong></span> <span class='ocrx_word' id='word_1_296' title='bbox 1392 3794 1450 3849; x_wconf 87' lang='grc' dir='ltr'><strong><em>καί</em></strong></span> <span class='ocrx_word' id='word_1_297' title='bbox 1474 3784 1530 3850; x_wconf 86' lang='grc' dir='ltr'><strong>τὸν</strong></span> <span class='ocrx_word' id='word_1_298' title='bbox 1556 3789 1605 3849; x_wconf 80' lang='grc' dir='ltr'><strong><em>λί-</em></strong></span> <span class='ocrx_word' id='word_1_299' title='bbox 1652 3784 1653 3797; x_wconf 69' lang='grc'>’</span> 
     </span>
     <span class='ocr_line' id='line_1_38' title="bbox 277 3838 1652 3964; baseline -0.001 -17"><span class='ocrx_word' id='word_1_300' title='bbox 277 3879 379 3964; x_wconf 85' lang='grc' dir='ltr'><strong><em>γοντά</em></strong></span> <span class='ocrx_word' id='word_1_301' title='bbox 415 3907 446 3945; x_wconf 88' lang='grc' dir='ltr'><strong>τι</strong></span> <span class='ocrx_word' id='word_1_302' title='bbox 473 3885 731 3962; x_wconf 59' lang='grc' dir='ltr'><strong><em>προσποιεῖσθαι</em></strong></span> <span class='ocrx_word' id='word_1_303' title='bbox 759 3879 804 3962; x_wconf 75' lang='grc' dir='ltr'><strong>μὴ</strong></span> <span class='ocrx_word' id='word_1_304' title='bbox 834 3886 965 3946; x_wconf 67' lang='grc' dir='ltr'><strong><em>ἐθέλειν.</em></strong></span> <span class='ocrx_word' id='word_1_305' title='bbox 997 3891 1055 3945; x_wconf 82' lang='grc' dir='ltr'><strong><em>καί</em></strong></span> <span class='ocrx_word' id='word_1_306' title='bbox 1083 3878 1251 3955; x_wconf 83' lang='grc' dir='ltr'><strong><em>Αίλιανός·</em></strong></span> <span class='ocrx_word' id='word_1_307' title='bbox 1284 3878 1450 3960; x_wconf 57' lang='grc' dir='ltr'><strong><em>»Οὐδενός</em></strong></span> <span class='ocrx_word' id='word_1_308' title='bbox 1477 3904 1509 3945; x_wconf 88' lang='grc' dir='ltr'><strong><em>τε</em></strong></span> <span class='ocrx_word' id='word_1_309' title='bbox 1541 3884 1607 3945; x_wconf 80' lang='grc' dir='ltr'><strong><em>τοῖν</em></strong></span> <span class='ocrx_word' id='word_1_310' title='bbox 1650 3838 1652 3923; x_wconf 96' lang='grc'><strong>1</strong></span> 
     </span>
     <span class='ocr_line' id='line_1_39' title="bbox 278 3930 1651 4064; baseline -0.001 -21"><span class='ocrx_word' id='word_1_311' title='bbox 278 3980 326 4043; x_wconf 78' lang='grc' dir='ltr'><strong>ἐπ’</strong></span> <span class='ocrx_word' id='word_1_312' title='bbox 353 3974 485 4059; x_wconf 80' lang='grc' dir='ltr'><strong><em>ᾅσμασι</em></strong></span> <span class='ocrx_word' id='word_1_313' title='bbox 519 3979 777 4059; x_wconf 67' lang='grc' dir='ltr'><strong><em>θαυμαζομένων</em></strong></span> <span class='ocrx_word' id='word_1_314' title='bbox 802 3979 915 4061; x_wconf 62' lang='grc' dir='ltr'><strong><em>ἐκρίθη</em></strong></span> <span class='ocrx_word' id='word_1_315' title='bbox 941 3979 1094 4063; x_wconf 80' lang='grc' dir='ltr'><strong><em>δευτέρα,</em></strong></span> <span class='ocrx_word' id='word_1_316' title='bbox 1131 3973 1189 4041; x_wconf 82' lang='grc' dir='ltr'><strong><em>ἅτε</em></strong></span> <span class='ocrx_word' id='word_1_317' title='bbox 1213 3973 1251 4054; x_wconf 76' lang='grc' dir='ltr'><em>δὴ</em></span> <span class='ocrx_word' id='word_1_318' title='bbox 1274 3975 1336 4039; x_wconf 83' lang='grc' dir='ltr'><strong>οάκ</strong></span> <span class='ocrx_word' id='word_1_319' title='bbox 1358 3973 1493 4062; x_wconf 82' lang='grc' dir='ltr'><strong><em>ἄπειρος</em></strong></span> <span class='ocrx_word' id='word_1_320' title='bbox 1523 3986 1610 4064; x_wconf 79' lang='grc' dir='ltr'><strong><em>ἐρω-</em></strong></span> <span class='ocrx_word' id='word_1_321' title='bbox 1650 3930 1651 4005; x_wconf 88' lang='grc'><strong>1</strong></span> 
     </span>
     <span class='ocr_line' id='line_1_40' title="bbox 279 4068 1650 4157; baseline 0.001 -20"><span class='ocrx_word' id='word_1_322' title='bbox 279 4074 367 4150; x_wconf 80' lang='grc' dir='ltr'><strong><em>τικῆς</em></strong></span> <span class='ocrx_word' id='word_1_323' title='bbox 391 4078 596 4155; x_wconf 77' lang='grc' dir='ltr'><strong><em>περιεργίας,</em></strong></span> <span class='ocrx_word' id='word_1_324' title='bbox 630 4071 876 4153; x_wconf 75' lang='grc' dir='ltr'><strong><em>ἀκκιζομένη</em></strong></span> <span class='ocrx_word' id='word_1_325' title='bbox 907 4069 968 4135; x_wconf 77' lang='lat' dir='ltr'><strong>nir</strong></span> <span class='ocrx_word' id='word_1_326' title='bbox 992 4074 1099 4155; x_wconf 75' lang='grc' dir='ltr'><strong><em>καιρῷ</em></strong></span> <span class='ocrx_word' id='word_1_327' title='bbox 1127 4080 1184 4137; x_wconf 82' lang='grc' dir='ltr'><strong><em>καί</em></strong></span> <span class='ocrx_word' id='word_1_328' title='bbox 1218 4068 1301 4157; x_wconf 76' lang='grc' dir='ltr'><strong><em>πρὸς</em></strong></span> <span class='ocrx_word' id='word_1_329' title='bbox 1327 4073 1521 4147; x_wconf 83' lang='grc' dir='ltr'><strong><em>ζηλοτυπίαν</em></strong></span> <span class='ocrx_word' id='word_1_330' title='bbox 1552 4075 1609 4138; x_wconf 83' lang='grc' dir='ltr'><strong><em>εὗ·</em></strong></span> <span class='ocrx_word' id='word_1_331' title='bbox 1647 4080 1650 4123; x_wconf 90' lang='grc'><strong>1</strong></span> 
     </span>
     <span class='ocr_line' id='line_1_41' title="bbox 279 4161 1649 4250; baseline 0 -19"><span class='ocrx_word' id='word_1_332' title='bbox 279 4170 367 4249; x_wconf 64' lang='lat' dir='ltr'><strong>devoir</strong></span> <span class='ocrx_word' id='word_1_333' title='bbox 396 4163 526 4247; x_wconf 83' lang='grc' dir='ltr'><strong><em>ἄγουσα</em></strong></span> <span class='ocrx_word' id='word_1_334' title='bbox 551 4164 609 4231; x_wconf 84' lang='grc' dir='ltr'><strong>τὸν</strong></span> <span class='ocrx_word' id='word_1_335' title='bbox 630 4161 776 4248; x_wconf 79' lang='grc' dir='ltr'><strong><em>ἀνδρα.”</em></strong></span> <span class='ocrx_word' id='word_1_336' title='bbox 826 4167 902 4229; x_wconf 83' lang='grc' dir='ltr'><strong><em>Καί</em></strong></span> <span class='ocrx_word' id='word_1_337' title='bbox 921 4175 1106 4250; x_wconf 81' lang='grc' dir='ltr'><strong><em>παροιμία·</em></strong></span> <span class='ocrx_word' id='word_1_338' title='bbox 1130 4164 1421 4247; x_wconf 82' lang='grc' dir='ltr'><strong><em>Ἀκκιζόμενος</em></strong></span> <span class='ocrx_word' id='word_1_339' title='bbox 1444 4166 1609 4246; x_wconf 65' lang='grc' dir='ltr'><strong><em>Σκύθης</em></strong></span> <span class='ocrx_word' id='word_1_340' title='bbox 1640 4162 1649 4237; x_wconf 70' lang='grc'><strong>1,</strong></span> 
     </span>
     <span class='ocr_line' id='line_1_42' title="bbox 278 4258 1648 4345; baseline 0 -18"><span class='ocrx_word' id='word_1_341' title='bbox 278 4260 349 4327; x_wconf 87' lang='grc' dir='ltr'><strong>τάν</strong></span> <span class='ocrx_word' id='word_1_342' title='bbox 376 4259 477 4327; x_wconf 79' lang='grc' dir='ltr'><strong><em>ὄνον.</em></strong></span> <span class='ocrx_word' id='word_1_343' title='bbox 495 4268 549 4324; x_wconf 80' lang='grc' dir='ltr'><strong>ἐπὶ</strong></span> <span class='ocrx_word' id='word_1_344' title='bbox 570 4262 633 4324; x_wconf 76' lang='grc' dir='ltr'><strong>τῶν</strong></span> <span class='ocrx_word' id='word_1_345' title='bbox 654 4262 911 4343; x_wconf 71' lang='grc' dir='ltr'><strong><em>βδελυττομένων</em></strong></span> <span class='ocrx_word' id='word_1_346' title='bbox 937 4260 1022 4343; x_wconf 75' lang='grc' dir='ltr'><strong><em>λε’γῳ</em></strong></span> <span class='ocrx_word' id='word_1_347' title='bbox 1041 4271 1116 4343; x_wconf 69' lang='grc' dir='ltr'><strong><em>μὲν,</em></strong></span> <span class='ocrx_word' id='word_1_348' title='bbox 1145 4258 1283 4345; x_wconf 77' lang='grc' dir='ltr'><strong><em>ἔργῳδὲ</em></strong></span> <span class='ocrx_word' id='word_1_349' title='bbox 1307 4268 1501 4343; x_wconf 69' lang='grc' dir='ltr'><strong><em>ἐφιεμένων.</em></strong></span> <span class='ocrx_word' id='word_1_350' title='bbox 1526 4261 1611 4327; x_wconf 75' lang='lat' dir='ltr'><strong>idedu</strong></span> <span class='ocrx_word' id='word_1_351' title='bbox 1642 4272 1648 4315; x_wconf 81' lang='grc' dir='ltr'>Ι</span> 
     </span>
     <span class='ocr_line' id='line_1_43' title="bbox 277 4349 1647 4442; baseline -0.002 -22"><span class='ocrx_word' id='word_1_352' title='bbox 277 4353 342 4440; x_wconf 86' lang='grc' dir='ltr'><strong><em>γάρ</em></strong></span> <span class='ocrx_word' id='word_1_353' title='bbox 371 4380 417 4430; x_wconf 76' lang='grc' dir='ltr'><strong>τις</strong></span> <span class='ocrx_word' id='word_1_354' title='bbox 438 4351 555 4437; x_wconf 86' lang='grc' dir='ltr'><strong><em>νεκρὸν</em></strong></span> <span class='ocrx_word' id='word_1_355' title='bbox 576 4352 653 4418; x_wconf 88' lang='grc' dir='ltr'><strong><em>ὄνον</em></strong></span> <span class='ocrx_word' id='word_1_356' title='bbox 672 4352 739 4435; x_wconf 77' lang='grc' dir='ltr'><strong>ἔφη</strong></span> <span class='ocrx_word' id='word_1_357' title='bbox 765 4352 846 4439; x_wconf 82' lang='grc' dir='ltr'><strong><em>πρὸς</em></strong></span> <span class='ocrx_word' id='word_1_358' title='bbox 871 4354 1007 4433; x_wconf 58' lang='grc' dir='ltr'><strong><em>Σκύθην</em></strong></span> <span class='ocrx_word' id='word_1_359' title='bbox 1031 4352 1198 4442; x_wconf 87' lang='grc' dir='ltr'><strong><em>παρόντα·</em></strong></span> <span class='ocrx_word' id='word_1_360' title='bbox 1217 4351 1347 4419; x_wconf 82' lang='grc' dir='ltr'><strong><em>δεῖπνόν</em></strong></span> <span class='ocrx_word' id='word_1_361' title='bbox 1363 4381 1403 4431; x_wconf 89' lang='grc' dir='ltr'><strong>τι,</strong></span> <span class='ocrx_word' id='word_1_362' title='bbox 1430 4349 1611 4421; x_wconf 58' lang='lat' dir='ltr'><strong>cilicina.</strong></span> <span class='ocrx_word' id='word_1_363' title='bbox 1640 4350 1647 4417; x_wconf 79' lang='grc'><strong>1</strong></span> 
     </span>
     <span class='ocr_line' id='line_1_44' title="bbox 278 4446 1646 4535; baseline -0.003 -20"><span class='ocrx_word' id='word_1_364' title='bbox 278 4453 296 4516; x_wconf 87' lang='grc' dir='ltr'><strong><em>ὅ</em></strong></span> <span class='ocrx_word' id='word_1_365' title='bbox 322 4455 357 4514; x_wconf 79' lang='grc' dir='ltr'><strong>δὲ</strong></span> <span class='ocrx_word' id='word_1_366' title='bbox 384 4448 570 4533; x_wconf 77' lang='grc' dir='ltr'><strong><em>ἐμυσάξατο</em></strong></span> <span class='ocrx_word' id='word_1_367' title='bbox 596 4458 667 4531; x_wconf 77' lang='grc' dir='ltr'><strong>μέν,</strong></span> <span class='ocrx_word' id='word_1_368' title='bbox 696 4447 887 4533; x_wconf 77' lang='grc' dir='ltr'><strong><em>ὕστερονδὲ</em></strong></span> <span class='ocrx_word' id='word_1_369' title='bbox 909 4458 1064 4515; x_wconf 83' lang='grc' dir='ltr'><strong><em>ἐπονεῖτο.</em></strong></span> <span class='ocrx_word' id='word_1_370' title='bbox 1097 4451 1171 4514; x_wconf 84' lang='grc' dir='ltr'><strong><em>Καί</em></strong></span> <span class='ocrx_word' id='word_1_371' title='bbox 1193 4448 1466 4532; x_wconf 78' lang='grc' dir='ltr'><strong><em>Ἀκκισμοάς,</em></strong></span> <span class='ocrx_word' id='word_1_372' title='bbox 1502 4474 1613 4535; x_wconf 80' lang='grc' dir='ltr'><strong><em>προσ·</em></strong></span> <span class='ocrx_word' id='word_1_373' title='bbox 1640 4446 1646 4511; x_wconf 79' lang='lat' dir='ltr'><strong>i</strong></span> 
     </span>
     <span class='ocr_line' id='line_1_45' title="bbox 277 4541 1613 4630; baseline -0.001 -20"><span class='ocrx_word' id='word_1_374' title='bbox 277 4543 434 4623; x_wconf 79' lang='grc' dir='ltr'><strong><em>ποιήσεις.</em></strong></span> <span class='ocrx_word' id='word_1_375' title='bbox 468 4542 629 4625; x_wconf 77' lang='grc' dir='ltr'><strong><em>ἀκκισμὸς</em></strong></span> <span class='ocrx_word' id='word_1_376' title='bbox 655 4547 691 4607; x_wconf 74' lang='grc' dir='ltr'><strong>δὲ</strong></span> <span class='ocrx_word' id='word_1_377' title='bbox 712 4553 770 4607; x_wconf 81' lang='grc' dir='ltr'><strong>καὶ</strong></span> <span class='ocrx_word' id='word_1_378' title='bbox 793 4554 914 4630; x_wconf 87' lang='grc' dir='ltr'><strong><em>μωρία.</em></strong></span> <span class='ocrx_word' id='word_1_379' title='bbox 941 4541 1061 4625; x_wconf 82' lang='lat' dir='ltr'><strong>„Certi</strong></span> <span class='ocrx_word' id='word_1_380' title='bbox 1084 4563 1191 4605; x_wconf 74' lang='lat' dir='ltr'><strong>sumus</strong></span> <span class='ocrx_word' id='word_1_381' title='bbox 1214 4541 1336 4625; x_wconf 81' lang='lat' dir='ltr'><strong>perisse</strong></span> <span class='ocrx_word' id='word_1_382' title='bbox 1360 4542 1477 4608; x_wconf 88' lang='lat' dir='ltr'><strong>omnia.</strong></span> <span class='ocrx_word' id='word_1_383' title='bbox 1522 4545 1613 4625; x_wconf 83' lang='lat' dir='ltr'><strong>Quid</strong></span> 
     </span>
    </p>

    <p class='ocr_par' dir='ltr' id='par_1_17' title="bbox 275 4634 1644 4913">
     <span class='ocr_line' id='line_1_46' title="bbox 277 4634 1644 4723; baseline -0.001 -22"><span class='ocrx_word' id='word_1_384' title='bbox 277 4639 358 4701; x_wconf 86' lang='lat' dir='ltr'><strong>enim</strong></span> <span class='ocrx_word' id='word_1_385' title='bbox 381 4636 583 4721; x_wconf 66' lang='grc' dir='ltr'><strong><em>ἀκκιζόμεδα</em></strong></span> <span class='ocrx_word' id='word_1_386' title='bbox 605 4636 904 4718; x_wconf 69' lang='lat' dir='ltr'><strong>(dissimulamus)</strong></span> <span class='ocrx_word' id='word_1_387' title='bbox 928 4635 1109 4701; x_wconf 47' lang='grc' dir='ltr'><strong><em>κακῶν</em></strong></span> <span class='ocrx_word' id='word_1_388' title='bbox 1149 4638 1189 4699; x_wconf 87' lang='lat' dir='ltr'><strong>ad</strong></span> <span class='ocrx_word' id='word_1_389' title='bbox 1212 4639 1283 4702; x_wconf 83' lang='lat' dir='ltr'><strong>An.</strong></span> <span class='ocrx_word' id='word_1_390' title='bbox 1307 4637 1354 4702; x_wconf 88' lang='lat' dir='ltr'><strong>II.</strong></span> <span class='ocrx_word' id='word_1_391' title='bbox 1378 4637 1434 4713; x_wconf 88' lang='grc'><strong>19,</strong></span> <span class='ocrx_word' id='word_1_392' title='bbox 1459 4637 1493 4702; x_wconf 83' lang='lat'><strong>5.</strong></span> <span class='ocrx_word' id='word_1_393' title='bbox 1532 4634 1644 4723; x_wconf 68' lang='grc' dir='ltr'><strong><em>Ηοολ</em></strong></span> 
     </span>
     <span class='ocr_line' id='line_1_47' title="bbox 277 4729 1643 4825; baseline 0.001 -31"><span class='ocrx_word' id='word_1_394' title='bbox 277 4733 401 4814; x_wconf 84' lang='lat' dir='ltr'><strong>quidem</strong></span> <span class='ocrx_word' id='word_1_395' title='bbox 425 4731 501 4795; x_wconf 89' lang='lat' dir='ltr'><strong>loco</strong></span> <span class='ocrx_word' id='word_1_396' title='bbox 525 4732 720 4810; x_wconf 64' lang='grc' dir='ltr'><strong><em>ἀκκίζεοδαι</em></strong></span> <span class='ocrx_word' id='word_1_397' title='bbox 748 4729 935 4814; x_wconf 81' lang='lat' dir='ltr'><strong>simpliciter</strong></span> <span class='ocrx_word' id='word_1_398' title='bbox 956 4740 1005 4795; x_wconf 79' lang='lat' dir='ltr'><strong>eet</strong></span> <span class='ocrx_word' id='word_1_399' title='bbox 1026 4730 1247 4797; x_wconf 81' lang='lat' dir='ltr'><strong>dieeimulare</strong></span> <span class='ocrx_word' id='word_1_400' title='bbox 1272 4730 1342 4797; x_wconf 76' lang='lat' dir='ltr'><strong>aine</strong></span> <span class='ocrx_word' id='word_1_401' title='bbox 1363 4730 1428 4795; x_wconf 83' lang='lat' dir='ltr'><strong>ulla</strong></span> <span class='ocrx_word' id='word_1_402' title='bbox 1452 4729 1643 4825; x_wconf 58' lang='lat' dir='ltr'><strong>cupidita-p</strong></span> 
     </span>
     <span class='ocr_line' id='line_1_48' title="bbox 275 4824 1643 4913; baseline 0 -22"><span class='ocrx_word' id='word_1_403' title='bbox 275 4827 316 4892; x_wconf 76' lang='lat' dir='ltr'><strong>tia</strong></span> <span class='ocrx_word' id='word_1_404' title='bbox 339 4824 585 4913; x_wconf 77' lang='lat' dir='ltr'><strong>significatione.</strong></span> <span class='ocrx_word' id='word_1_405' title='bbox 1642 4828 1643 4831; x_wconf 67' lang='grc'>’</span> 
     </span>
    </p>
   </div>
   <div class='ocr_carea' id='block_1_5' title="bbox 1631 4834 1642 5037">
    <p class='ocr_par' dir='ltr' id='par_1_18' title="bbox 1631 4834 1642 5037">
     <span class='ocr_line' id='line_1_49' title="bbox 1632 4834 1642 4913; baseline 0 0"><span class='ocrx_word' id='word_1_406' title='bbox 1632 4834 1642 4913; x_wconf 76' lang='lat' dir='ltr'><strong>i</strong></span> 
     </span>
     <span class='ocr_line' id='line_1_50' title="bbox 1631 4950 1641 5037; baseline 0 0"><span class='ocrx_word' id='word_1_407' title='bbox 1631 4950 1641 5037; x_wconf 79' lang='grc'><strong>1</strong></span> 
     </span>
    </p>
   </div>
   <div class='ocr_carea' id='block_1_6' title="bbox 0 0 1678 5576">
    <p class='ocr_par' dir='ltr' id='par_1_19' title="bbox 0 0 1678 5576">
     <span class='ocr_line' id='line_1_51' title="bbox 0 0 1678 5576; baseline 0 0"><span class='ocrx_word' id='word_1_408' title='bbox 0 0 1678 5576; x_wconf 95' lang='lat' dir='ltr'><strong> </strong></span> 
     </span>
    </p>
   </div>
  </div>
 </body>
</html>
