3214 5586
498 374 655 441 runnu
674 377 858 443 nucum.
916 346 940 385 ²
1285 381 1347 444 ees

44 510 165 596 ceptione
187 534 272 578 unus
300 512 436 579 afficitur
461 515 636 597 beneficio,
670 521 727 582 sed
753 540 835 583 unus
862 517 1011 602 privatur
1032 516 1183 583 iniuria.’'
1214 522 1253 584 de
1272 521 1346 608 lege

47 608 294 769 ⁸ghllhth’awil.
322 705 433 788 Popio
458 704 588 769 tribuno
615 707 719 789 plebis
746 729 775 774 a.
805 731 840 772 ιι.
871 707 946 772 688.
992 706 1089 774 Cotta
1120 720 1151 772 et
1174 711 1346 794 Torquato

47 792 123 861 Coss.
146 798 221 861 vid.
246 796 312 862 Dio
336 795 430 862 Cass.
453 799 641 865 XXXVII.
663 823 699 883 p.
723 802 774 868 33.
802 802 846 883 [c.
871 804 903 868 9.
948 799 1025 868 Κάν
1048 798 1152 893 τούτῳ
1174 798 1293 881 πάντες
1315 807 1348 870 οἱ

45 884 226 985 s’rrp'Ptipp
249 892 473 983 διατρίβοντες
494 890 579 975 πλὴν
601 895 665 961 τῶν
686 891 745 976 τὴν
765 898 823 963 νῦν
837 896 981 963 Ἰταλίαν
1003 892 1179 964 οἰκούντων
1201 896 1348 978 ἐξέπεσον

46 986 146 1053 Γαΐου
165 982 256 1064 τινὸς
275 988 471 1056 Πυππίου
494 983 664 1103 δημάρχου
685 986 811 1082 γνώμῃ·
845 986 954 1070 ἐπειδὴ
982 986 1181 1072 ἐπεπόλαζον
1209 995 1264 1057 καὶ
1286 986 1347 1056 οὐκ

44 1071 150 1145 ἐδόκουν
171 1073 349 1159 ἐπιτήδειοι
370 1081 487 1168 σφίσιν
508 1105 592 1149 errae
614 1084 801 1164 συνοικεῖν]
847 1084 976 1161 Sensit,
1008 1094 1045 1148 ut
1072 1083 1236 1170 peregrini
1263 1086 1345 1147 urhe

38 1171 212 1255 pellerentur
233 1184 266 1239 et
289 1173 369 1238 socii
387 1175 495 1239 Latini
517 1176 654 1242 nominis
675 1178 710 1241 in
730 1198 802 1242 suas
818 1177 965 1243 civitates
985 1178 1221 1262 redigerentur.
1264 1179 1347 1243 Per-

38 1266 122 1351 egrini
145 1284 182 1330 ea
209 1279 310 1332 aetate
343 1268 398 1353 qui
424 1268 500 1333 dicti
528 1269 608 1349 sint,
640 1274 735 1337 docet
758 1272 932 1354 Spanhem.
961 1272 992 1336 in
1017 1272 1101 1338 Orh.
1122 1273 1221 1337 Rom.
1242 1294 1277 1354 p.
1299 1295 1342 1337 m.

33 1360 96 1424 363.
137 1360 183 1425 Ηί
199 1361 305 1444 primo
324 1363 428 1447 capite
451 1363 534 1446 legis
553 1384 594 1428 ex
611 1367 691 1430 urhe
712 1367 800 1429 exire
816 1365 896 1431 inssi
911 1378 999 1444 siant,
1024 1388 1064 1430 ne
1082 1388 1118 1430 se
1135 1386 1198 1449 pro
1219 1363 1344 1429 civibus

32 1454 173 1520 Romanis
193 1469 361 1541 gererent,
392 1460 519 1543 quoda
542 1460 645 1529 multis
668 1460 784 1535 fiebat,
815 1472 850 1524 ut
872 1461 948 1525 olim
973 1463 1197 1527 Gracchorum
1222 1471 1347 1543 tempo·

28 1547 109 1613 ribus
126 1571 144 1613 a
161 1552 276 1615 Penno
292 1551 354 1615 iam
373 1552 527 1617 sancitum
546 1564 632 1631 erat,
656 1566 736 1619 teste
756 1554 916 1621 Cicerone
931 1558 970 1620 de
986 1556 1079 1621 offic.
1101 1553 1168 1619 III.
1193 1555 1266 1631 11.,
1290 1554 1345 1638 qui

27 1643 101 1707 hane
116 1644 332 1710 crudelitatem
352 1648 446 1712 valde
460 1649 636 1732 improbat.
681 1650 829 1714 Alterum
851 1661 947 1733 caput
969 1648 1049 1725 luit,
1074 1669 1113 1713 ne
1134 1647 1215 1715 socii
1235 1649 1345 1713 Latini

29 1736 142 1802 Romae
163 1752 285 1816 essent,
309 1762 349 1806 ne
370 1743 465 1806 urbes
488 1743 651 1809 sociorum
674 1742 866 1808 Latinorum
888 1755 995 1808 vastae
1015 1743 1148 1821 fierent,
1173 1745 1343 1828 quodiam

28 1842 92 1895 ante
112 1854 141 1897 a.
162 1857 195 1899 n.
217 1836 294 1900 576.
317 1836 373 1899 lex
396 1837 544 1903 Claudia
565 1835 742 1903 consularis
767 1849 886 1924 rogatu
912 1836 1057 1921 ipsorum
1085 1836 1248 1902 sociorum
1270 1859 1356 1901 ειη..

27 1939 129 2004 xerat,
150 1950 230 1993 neve
252 1950 286 1993 se
305 1952 367 2013 pro
383 1930 507 1993 civibus
527 1931 683 1995 Romanis
702 1946 870 2021 gererent3
896 1934 939 2013 (v.
962 1931 1040 1995 Lir.
1063 1929 1161 1996 XLI.
1185 1933 1217 1994 8.
1241 1932 1289 2012 9.)
1311 1945 1343 1997 et

28 2021 130 2099 paullo
142 2037 214 2105 post
229 2026 273 2089 L.
290 2025 474 2090 Postumius
491 2024 632 2101 Consul,
652 2039 691 2113 pt
711 2038 914 2102 servaretur,
942 2027 1104 2091 edixerat:
1127 2025 1205 2091 ibid.
1225 2026 1343 2093 XLII.

36 2116 87 2176 19.
120 2117 155 2180 In
177 2120 268 2183 huius
297 2119 377 2204 legis
400 2131 546 2202 tempore
572 2121 718 2205 graviter
746 2133 833 2185 errat
863 2121 1033 2207 Sigonius,
1067 2119 1122 2205 qui
1153 2141 1221 2183 eam
1247 2119 1342 2185 latam

42 2225 104 2269 esse
125 2211 223 2292 paullo
249 2225 326 2296 post
356 2212 522 2278 Claudiam
554 2215 616 2291 ait,
652 2218 691 2278 de
718 2216 749 2280 Ι.
778 2217 882 2280 Prov.
909 2214 1031 2280 111.1.
1058 2235 1192 2297 eumque
1215 2226 1343 2278 secutus

41 2296 165 2369 Bilduiu
183 2307 322 2392 lurispr.
344 2308 439 2373 Mne.
462 2331 498 2391 p.
522 2311 596 2371 101.
626 2309 760 2385 aliique,
791 2331 863 2372 cum
891 2309 965 2391 plus
994 2320 1119 2371 centum
1144 2305 1233 2370 annis
1260 2305 1344 2370 inter

40 2403 183 2482 “lumem
194 2400 333 2465 intersit.
376 2402 491 2482 Imque
508 2401 626 2469 Cicero
643 2406 681 2465 de
702 2402 798 2475 offic,
822 2403 890 2467 III.
917 2404 969 2466 11.
993 2424 1011 2466 a
1035 2402 1167 2477 Penno,
1192 2399 1249 2485 qui
1269 2413 1345 2484 post

34 2484 132 2571 legen
145 2492 301 2560 Claudiam
330 2493 464 2560 visitet
489 2499 594 2581 legem
615 2518 703 2559 suam
726 2517 756 2559 a.
779 2519 813 2560 u.
837 2495 913 2560 627.
938 2493 1176 2580 promulgavit,
1198 2495 1345 2578 peregri·

31 2600 95 2645 nos
121 2590 337 2657 exterminatos
365 2591 441 2655 dicit
469 2592 564 2676 apud
580 2603 702 2676 patres
724 2603 880 2668 nostros,
913 2612 938 2657 α
957 2591 1068 2674 Papio
1088 2611 1212 2673 nuper.
1256 2591 1342 2654 Eur.

31 2672 187 2744 Manutius
205 2688 243 2750 ad
267 2697 350 2750 orat.
379 2706 442 2768 pro
464 2684 587 2750 Archia
609 2705 639 2748 c.
664 2687 695 2749 5.
719 2696 751 2747 et
773 2687 813 2748 ad
833 2685 957 2770 Agrar.
981 2685 1011 2748 I.
1036 2706 1066 2747 c.
1091 2684 1122 2751 1.
1143 2683 1232 2747 unas
1254 2685 1343 2767 leges

38 2765 154 2851 Pflltlflt
177 2777 304 2844 dirersis
333 2780 534 2864 temporibus
561 2780 642 2843 latas
665 2788 771 2861 putat,
804 2800 899 2842 ranam
922 2788 995 2842 ante
1023 2798 1137 2841 annum
1159 2798 1193 2842 ιι.
1215 2798 1245 2840 c.
1271 2777 1344 2843 693.

44 2866 126 2941 ‘IImd
142 2889 175 2934 tx
192 2874 327 2939 Valerio
352 2874 500 2939 Maximo
523 2871 729 2957 perspicuum
750 2873 807 2951 sit,
838 2874 970 2937 alteram
994 2893 1024 2936 a.
1047 2894 1081 2936 u.
1105 2870 1180 2935 688.
1215 2869 1344 2934 Scilicet

48 2952 175 3030 V²ltrias
191 2969 253 3034 111.
275 2970 307 3034 4.
328 2969 382 3034 M.
406 2971 593 3052 Pet-pernae
615 2966 757 3032 consulis
778 2988 809 3031 a.
832 2990 866 3032 u.
891 2968 965 3032 673.
988 2977 1112 3050 patrem
1132 2975 1261 3029 mortuo
1275 2964 1343 3030 filio

40 3046 108 3136 kgr
123 3059 220 3146 Papio
240 3085 283 3129 ex
300 3065 380 3128 urbe
401 3063 534 3127 eiectum
555 3073 678 3126 narrat.
722 3063 804 3126 Veri
825 3062 956 3127 similius
980 3074 1083 3126 autem
1102 3058 1247 3134 videtur,
1271 3080 1343 3122 eum

30 3159 149 3225 Pfflltt
173 3156 347 3222 Maximum
370 3175 464 3222 nemo
489 3170 553 3221 tam
576 3157 723 3242 antiquae
743 3156 825 3241 legis
847 3157 978 3242 Papiae
1000 3154 1191 3219 mentionem
1213 3152 1342 3229 iecerit,

30 3238 80 3303 vel
97 3242 195 3327 ipsum
214 3252 266 3316 vel
283 3251 436 3315 librarios
457 3249 491 3314 in
514 3252 642 3315 nomine
662 3251 741 3337 legis
761 3273 899 3316 errasse.
944 3253 1058 3334 Itaque
1081 3247 1217 3332 Pighius
1238 3249 1342 3326 (Anu.

27 3329 118 3407 11⁰⁸.
127 3343 168 3409 Τ.
178 3345 241 3410 III.
252 3368 289 3430 p.
305 3346 357 3410 18.
370 3357 402 3410 et
417 3349 458 3410 ad
470 3345 652 3427 Valerium)
662 3347 771 3411 Penni
781 3347 950 3430 legendum
963 3343 1133 3431 proposuit
1144 3363 1206 3427 pro
1219 3342 1341 3428 Papia.

351 3507 494 3571 Parrum
516 3506 558 3569 ele
576 3508 838 3571 Acerranorum
857 3504 1005 3570 ciuitate.

105 3624 263 3705 ,Romani
284 3626 368 3703 lacti
398 3627 559 3692 Acerrani
585 3629 660 3711 lege
689 3629 730 3690 ab
757 3631 800 3691 L.
831 3625 974 3710 Papirio
1001 3635 1153 3709 praetore
1183 3625 1227 3704 (a.
1256 3645 1289 3688 n.
1312 3645 1342 3690 c.

35 3706 310 3882 {galaltmqul
335 3722 446 3787 civitas
476 3723 542 3788 sine
571 3720 728 3808 suffragio
757 3719 865 3784 data.'’
901 3719 980 3785 Lir.
1009 3718 1112 3784 VIII.
1144 3719 1195 3784 17.
1240 3716 1341 3782 Conf.

177 3862 187 3882 .
254 3862 265 3897 ,
312 3861 322 3882 .
938 3864 942 3871 .

353 3980 500 4044 Paamra
521 3977 562 4042 de
584 3975 842 4043 consecratione
855 3972 1006 4038 aedium.

105 4093 233 4169 ‚Video
255 4120 324 4167 esse
343 4100 448 4186 legem
471 4111 612 4165 veterem
634 4098 852 4173 tribuniciam,
876 4117 958 4181 quae
984 4105 1072 4161 vetet
1092 4091 1213 4158 iniussu
1240 4089 1344 4177 plebis

30 4184 132 4269 11108,
165 4207 301 4272 terram,
336 4217 422 4259 arem
451 4216 657 4260 consecrare.
701 4194 815 4277 Neque
836 4203 904 4255 tum
925 4192 989 4254 hoc
1009 4192 1054 4275 Q.
1076 4187 1257 4272 Papirius,
1291 4187 1346 4271 qui

26 4270 99 4347 lm
118 4286 222 4374 legera
240 4289 393 4375 rogavit,
425 4289 538 4366 sensit,
572 4310 673 4373 neqnie
696 4287 873 4369 suspicatus
903 4296 951 4348 est
976 4284 1049 4350 lore
1076 4282 1271 4365 periculum,
1306 4301 1346 4343 ne

25 4372 178 4448 loaieuia
202 4396 256 4449 ant
278 4383 499 4468 possessiones
520 4383 773 4447 indemnatorum
799 4380 915 4443 civium
945 4374 1247 4443 consecrarentur.''
1284 4395 1346 4456 pro

22 4464 114 4633 mo
136 4478 195 4559 tt,
217 4479 292 4542 197.
313 4510 356 4525 -
379 4479 480 4554 ,Lex
500 4476 646 4561 Papirio
666 4485 753 4541 vetat
766 4476 860 4539 aedes
874 4472 994 4537 iniussu
1007 4471 1110 4555 plebis
1127 4466 1348 4537 consecrari.''

59 4564 285 4649 '.50,128.

98 4663 174 4730 Lex
203 4677 253 4731 est
279 4668 420 4731 incertae
449 4665 573 4731 aetatis.
626 4664 707 4729 Eam
736 4676 841 4728 tamen
869 4662 923 4726 vel
954 4681 1037 4725 anno
1066 4678 1161 4724 n.'e.
1191 4655 1266 4721 119.
1295 4652 1349 4716 vel

16 4754 125 4829 Pullo
147 4761 337 4827 antelatam
358 4781 446 4837 esse,
481 4780 553 4823 cum
576 4780 617 4823 ex
640 4757 809 4824 Ciceronis
839 4755 963 4833 verbis,
994 4767 1061 4817 tum
1083 4773 1125 4818 ex
1150 4748 1251 4813 Livio
1274 4746 1349 4830 [Ex

15 4853 224 4921 mutorum
244 4866 387 4921 senatu
406 4857 518 4921 laum
537 4852 585 4919 ad
601 4854 772 4938 poprdum
789 4852 860 4931 est,
883 4872 926 4915 ue
940 4847 1018 4937 quis
1032 4849 1349 4990 templumsoromue

88 4948 213 5006 damnat.
250 4955 304 5001 cie.
323 4954 370 5005 tu.
441 4948 448 4961 ⁸
