3490 5586
483 415 549 489 sn
576 376 1047 491 resono-uscoumn.
1364 418 1424 487 m
1461 506 1472 523 .

101 577 139 632 et
156 566 274 632 codicis
294 564 397 629 nostri
414 564 566 629 lectione:
578 565 807 658 flectentibus
823 588 858 629 se
879 566 927 629 ad
942 577 1143 649 postremus
1163 564 1326 627 dextram
1342 585 1429 647 par·

103 674 196 726 tem:
215 661 383 745 legendum
403 672 502 741 puto,
514 660 760 753 flectentibus,
785 661 816 724 si
830 661 877 723 ad
887 672 1026 744 portam
1041 659 1107 739 (vel
1121 659 1168 720 ad
1181 669 1315 732 rostra,
1339 660 1428 740 quod

104 754 248 838 suppetit
270 753 425 833 Orellius)
447 774 522 830 eas,
552 753 599 815 ad
618 754 652 819 d.
671 775 725 837 p.:
753 776 822 816 nam
845 752 1023 817 huiusmodi
1043 752 1116 836 quid
1139 752 1263 815 videtur
1282 752 1424 836 requiri:

105 850 198 915 conl.
220 849 310 912 locus
329 850 369 910 ad
394 868 454 911 or..
471 868 532 929 pro
555 848 607 911 Sc.
630 853 726 912 modo
748 848 804 912 cit.
848 849 993 929 Quorum
1016 846 1211 911 scholiorum
1232 846 1364 910 alterum
1385 868 1427 909 ex

104 955 253 1009 veterum
274 942 508 1007 commentariis
531 942 598 1009 sinc
619 942 715 1007 dubio
738 941 928 1024 descriptum
951 941 1066 1005 iudicat
1089 941 1204 1004 Madv.
1232 962 1308 1026 pag.
1333 941 1427 1016 stam

104 1039 147 1101 de
172 1037 274 1102 altero
295 1026 378 1099 ideni
401 1035 567 1117 suspicor:
598 1046 785 1119 quamquam
808 1057 871 1100 noo
898 1038 1056 1100 contendo
1082 1056 1146 1099 non
1172 1035 1312 1119 potuisse
1334 1034 1429 1098 etiam

105 1131 260 1195 extremis
281 1129 405 1212 imperii
427 1129 567 1194 Romani
588 1129 619 1193 in
636 1131 810 1195 Occidente
828 1130 1027 1212 temporibus
1048 1129 1164 1205 scribi,
1188 1129 1317 1211 perinde
1335 1142 1429 1214 atque

103 1224 162 1289 illa
187 1245 268 1308 quae
296 1226 335 1287 de
364 1222 571 1289 Circensibus
598 1224 762 1300 dicuntur,
797 1245 814 1285 a
843 1225 957 1290 Mada.
986 1246 1021 1306 p.
1052 1226 1124 1286 stt.
1157 1235 1345 1299 memorata:
1381 1236 1430 1288 est

101 1319 241 1384 veroin
265 1317 411 1382 Asconio
434 1317 589 1381 eiusmodi
611 1317 757 1385 locorum
783 1318 981 1402 frequentia,
1013 1339 1094 1402 quae
1116 1317 1308 1401 antiquitatis
1335 1318 1430 1383 fidem

102 1412 253 1478 11111-
270 1414 335 1477 Sed
357 1411 449 1476 etiam
466 1414 504 1474 de
523 1413 620 1474 rebus
641 1412 777 1491 florente
799 1412 933 1494 imperio
957 1413 1105 1477 Romano
1129 1412 1316 1498 vulgaribus
1338 1434 1432 1496 saepe

102 1507 162 1572 illa
185 1505 308 1571 scholia
330 1505 376 1569 ita
397 1506 592 1590 loquuntur,
615 1515 650 1567 ut
669 1508 709 1569 de
731 1505 800 1569 aliis
817 1506 916 1570 moris
937 1505 979 1568 ita
988 1504 1132 1596 fuisse,
1156 1509 1196 1569 de
1214 1506 1283 1570 aliis
1302 1520 1432 1570 ueteres

102 1600 161 1665 vel
190 1601 352 1685 antiquos
381 1598 425 1663 ita
455 1620 625 1663 consuesse
659 1599 800 1674 dicatur,
838 1600 902 1664 vid.
932 1602 1044 1675 Madv.
1071 1624 1105 1683 p.
1138 1603 1199 1664 131
1227 1622 1297 1686 seq.
1324 1600 1434 1685 ibique

101 1705 183 1758 nota
205 1694 225 1758 5
248 1704 279 1756 et
301 1694 355 1756 6.:
394 1714 474 1778 quae
501 1715 553 1756 res
581 1691 673 1756 etiam
705 1693 908 1758 Perizonium
933 1694 1085 1771 advertit,
1121 1694 1176 1779 qui
1198 1697 1237 1758 ad
1259 1707 1320 1759 act.
1342 1695 1371 1759 l.
1394 1716 1430 1776 p.

104 1788 182 1851 133.
213 1785 584 1871 corruptum-scholium
613 1786 659 1850 sic
689 1790 876 1863 emendans,
909 1788 955 1851 uti
984 1786 1077 1851 etiam
1108 1810 1126 1851 1
1153 1788 1284 1853 Baitero
1311 1788 1431 1852 lactum

102 1882 267 1947 vidimus:
306 1902 375 1946 non
402 1881 555 1945 solebant
572 1881 713 1964 precari
734 1882 869 1945 ueniam
891 1895 1020 1947 veteres
1041 1883 1083 1949 de
1104 1905 1224 1957 eorum
1252 1886 1433 1967 compella·

102 1976 199 2041 tione
220 1976 332 2038 nuda:
352 1978 415 2040 boc
430 1975 561 2050 addidit,
587 1987 686 2049 „nota
702 1987 808 2038 autem
824 1977 994 2040 veteres”.
1038 1977 1112 2041 Alia
1133 1977 1332 2059 explicantur
1350 1998 1431 2063 quae

103 2070 241 2136 Asconii
271 2081 373 2133 aetate
402 2070 618 2133 adolescentes
649 2072 766 2133 docere
793 2070 935 2152 putidum
966 2069 1095 2147 suisset,
1130 2092 1189 2134 nec
1208 2072 1275 2135 sine
1297 2094 1431 2137 errore:

108 2184 191 2248 qnae
214 2176 421 2227 recensentur
443 2184 460 2225 a
483 2164 600 2227 Madv.
623 2185 657 2245 p.
682 2164 743 2227 188
766 2184 857 2249 seqq.
905 2166 1100 2249 Quamquam
1119 2188 1181 2231 non
1207 2167 1340 2230 assuerim
1361 2165 1432 2230 viro

111 2259 293 2324 doctissimo
309 2257 496 2351 adstipulaqi
515 2256 708 2332 adfirmanti,
733 2256 823 2320 iniis
846 2280 928 2342 quae
952 2262 990 2321 ad
1012 2252 1091 2324 Dii.
1114 2282 1149 2342 p.
1174 2261 1246 2323 118.
1267 2260 1430 2345 leguntur,

108 2374 172 2435 per
197 2373 338 2418 errorem
368 2351 497 2415 iudicia
521 2362 745 2436 quaestorum
774 2355 1036 2416 commemorari:
1074 2374 1138 2417 non
1161 2356 1328 2418 absurdum
1351 2354 1448 2416 euimv
1535 2388 1539 2395 ·

108 2446 254 2522 videtur,
288 2457 474 2530 quaestores
507 2468 540 2508 v.
565 2467 598 2529 g.
622 2447 761 2507 urbanos
786 2444 941 2508 iudicasse
966 2448 1127 2509 decausis
1155 2447 1264 2531 quales
1291 2450 1433 2511 suntde

106 2541 225 2626 quibus
247 2540 362 2604 dicitur
384 2540 416 2603 in
438 2542 462 2603 l.
488 2543 518 2602 1.
543 2545 574 2616 §.
598 2541 628 2605 9.
653 2539 729 2601 etl.
754 2539 784 2601 2.
817 2539 862 2602 D.
886 2539 928 2602 de
949 2537 1014 2628 qffi
1037 2537 1157 2622 praef.
1180 2542 1274 2618 urbi,
1300 2564 1432 2626 quarum

105 2656 217 2699 rerum
245 2655 322 2721 cura
350 2645 462 2715 postea
492 2636 534 2696 ad
561 2654 679 2697 norum
709 2631 927 2715 magistratum
956 2632 1164 2714 pertinuerit;
1196 2635 1276 2699 alios
1304 2635 1433 2699 dealiis

103 2732 224 2793 rebus:
248 2729 293 2791 cl.
308 2726 340 2790 iu
356 2726 466 2790 Vatin.
492 2730 529 2803 5,
555 2728 608 2791 la.
633 2740 663 2790 et
686 2747 746 2808 pro
765 2726 876 2805 Quint.
900 2749 929 2790 c.
954 2730 1000 2805 1.,
1024 2728 1079 2791 ubi
1100 2728 1340 2810 praeferendam
1361 2730 1431 2813 qui-

110 2824 182 2885 dem
201 2832 280 2903 puto
301 2820 469 2884 lectionem
490 2821 537 2883 ad
557 2821 730 2895 Castoris,
755 2823 810 2882 sed
832 2832 936 2884 tamen
958 2824 1054 2884 verba
1080 2844 1104 2884 a
1126 2812 1368 2907 quaestoribus
1391 2845 1432 2886 ex

111 2936 192 2979 vera
215 2916 475 2997 interpretatione
499 2926 588 2990 nata3
611 2925 646 2978 ut
668 2914 822 2978 consultis
845 2916 1067 2998 quaestoribus
1091 2917 1255 3001 Aquilium
1279 2917 1431 2981 arbitrum

106 3031 180 3074 resa
205 3009 393 3094 transegisse
421 3012 460 3073 de
485 3031 548 3093 qua
576 3008 691 3071 dicitur
716 3008 947 3093 intelligamus:
987 3031 1058 3072 nam
1082 3011 1170 3075 viros
1193 3016 1346 3095 quosdam
1369 3013 1433 3075 boc

106 3115 257 3187 ternpore
282 3106 321 3166 ad
350 3124 417 3166 eam
437 3124 504 3166 rem
534 3102 726 3167 constitutos
753 3101 868 3179 luisse,
904 3115 1040 3186 propter
1068 3106 1266 3169 difficultates
1292 3128 1333 3169 ex
1360 3106 1433 3191 lege

105 3197 239 3262 Valeria
268 3208 374 3271 ortas,
406 3197 485 3259 dixit
511 3196 655 3279 quidem,
691 3200 746 3260 sod
778 3198 866 3260 nullo
890 3209 1031 3261 veterum
1054 3199 1129 3263 loco
1156 3200 1252 3265 allato
1281 3201 1433 3282 probarit

102 3312 140 3357 v.
164 3293 210 3355 cl.
233 3290 430 3355 Niebubrius
454 3289 485 3353 in
508 3291 597 3357 Mus.
620 3292 727 3354 Rhen.
751 3291 817 3354 vol.
840 3292 871 3356 l.
893 3314 928 3374 p.
952 3292 1014 3355 att
1036 3290 1109 3377 sqq.
1132 3294 1286 3374 -Quae
1310 3297 1349 3356 ad
1371 3305 1432 3361 act.

102 3385 156 3451 ll.
179 3385 238 3449 lib.
258 3385 289 3448 1.
313 3407 348 3467 p.
372 3386 445 3449 165.
468 3385 637 3469 leguntur:
667 3384 763 3468 apud
781 3386 943 3470 antiquos
964 3397 998 3448 et
1018 3386 1060 3448 de
1080 3387 1257 3449 auditione
1281 3388 1435 3451 testimo·

101 3479 204 3543 1111111
225 3479 422 3544 dicebatur:
443 3500 507 3543 non
528 3490 616 3542 certe
639 3491 710 3542 ante
730 3479 924 3553 Hadrianum
942 3479 1027 3560 lmp.
1046 3481 1189 3561 potuisse
1211 3480 1325 3556 scribi,
1350 3483 1435 3543 haud

102 3575 175 3637 seio
193 3595 235 3636 an
259 3594 334 3636 vere
354 3587 544 3637 statuamus:
569 3574 632 3636 boc
655 3571 736 3634 enim
760 3574 885 3635 demum
904 3584 1048 3654 tempore
1071 3562 1213 3636 videm'its
1235 3572 1434 3636 seueriorem

104 3667 265 3732 rationem
286 3667 317 3731 in
340 3666 501 3730 audiendis
526 3668 659 3729 testibus
677 3664 897 3726 constitutam:
922 3664 987 3727 vid.
1010 3666 1034 3728 l.
1057 3666 1089 3729 3.
1114 3674 1145 3744 §.
1170 3670 1188 3730 1
1211 3689 1300 3753 seqq.
1322 3668 1367 3731 D.
1391 3667 1432 3729 de

104 3761 267 3825 testibus:
289 3784 330 3825 ex
352 3760 478 3823 111111.
500 3766 531 3836 §.
547 3760 580 3823 3.
604 3758 823 3843 intelligimus,
848 3761 888 3819 ab
904 3759 966 3822 hoc
980 3770 1125 3841 tempore
1144 3760 1177 3824 in
1198 3759 1435 3829 desuetudinem

106 3852 227 3917 abiisse
253 3874 393 3930 norem,
429 3864 520 3917 antea
550 3851 858 3936 frequentissimum,
896 3852 1170 3931 testimoniorum,
1202 3855 1336 3918 testibus
1368 3873 1432 3915 nou

105 3945 292 4057 prodiistis,
317 3951 355 4011 de
381 3947 502 4031 scripto
525 3946 779 4018 recitandarum:
810 3945 865 4030 qui
888 3966 1046 4009 moseum
1069 3947 1143 4024 illo,
1168 3950 1292 4033 dequo
1318 3945 1432 4009 dicitur

103 4042 141 4105 in
164 4042 306 4119 scholio,
329 4045 566 4150 quodammodo
589 4062 708 4125 genere
725 4040 912 4104 coniunctus
927 4052 986 4102 est.
1029 4041 1146 4105 Potest
1161 4054 1263 4104 111111
1279 4043 1342 4104 hoc
1357 4040 1431 4103 loco

103 4134 335 4213 animadverti,
362 4157 425 4201 non
449 4136 552 4200 omnia
574 4137 652 4198 baec
665 4134 786 4199 scholia
808 4137 918 4198 eodem
941 4147 1086 4216 tempore
1108 4156 1177 4198 esse
1197 4136 1335 4217 scripta:
1359 4153 1431 4195 nam
1509 4202 1512 4207 ¹

102 4250 193 4314 qnae
213 4232 254 4294 ad
274 4229 331 4294 lib
355 4231 384 4295 l.
406 4252 443 4312 p.
464 4230 538 4293 175.
561 4229 726 4306 dicuntur,
752 4231 790 4291 de
808 4249 922 4292 omissa
938 4229 1115 4291 tabularum
1131 4229 1429 4293 conscribendarum

99 4324 356 4403 nomnetudine,
389 4322 524 4388 Asconii
545 4334 696 4400 aemtcm,
727 4334 763 4387 ut
785 4322 919 4405 opinor,
955 4320 1189 4408 attingunt.-
1222 4323 1318 4404 Quod
1350 4341 1429 4385 vcro
1462 4338 1469 4351 “

26 4482 28 4495 ,
101 4417 223 4483 attinet
243 4420 284 4482 ad
306 4439 406 4504 genus
427 4438 535 4481 rerum
557 4438 640 4502 quae
663 4417 695 4480 io
718 4416 765 4480 his
783 4428 956 4480 tractantur
977 4416 1125 4482 scholiis:
1149 4437 1247 4499 supra
1267 4415 1326 4479 iam
1348 4413 1437 4478 dixis

100 4532 195 4589 anua,
217 4522 321 4577 totam
336 4511 471 4576 Asconii
486 4511 743 4576 commentarium
760 4531 828 4573 csse
844 4509 1045 4585 historicum,
1061 4508 1257 4591 paucissimis
1274 4506 1427 4591 exceptis,

102 4628 192 4692 qnae
213 4605 280 4671 sois
302 4605 382 4670 locis
403 4605 599 4679 notavimus:
622 4625 703 4689 quae
722 4603 862 4690 singula,
887 4604 978 4667 ctiam
1002 4606 1045 4668 ob
1067 4603 1204 4666 rationes
1224 4601 1349 4666 aliunde
1369 4620 1428 4683 pe·

28 4710 29 4725 ¹
99 4701 199 4779 titas,
222 4698 479 4781 interpolationis
493 4696 673 4781 suspicione
690 4698 855 4772 laborant:
877 4697 998 4761 scholia
1015 4716 1093 4760 vero
1109 4716 1190 4778 quae
1211 4712 1294 4759 nuuc
1311 4706 1428 4759 tracta·

103 4815 178 4858 asos
202 4793 367 4859 rhetorica
389 4804 422 4857 et
447 4792 651 4878 grammatica
672 4803 761 4868 sunt,
787 4791 931 4855 admixtis
953 4791 1138 4876 quibusdam
1163 4812 1243 4874 quae
1265 4810 1306 4854 ex
1327 4789 1429 4854 histo·

30 4918 33 4947 1
103 4883 187 4952 ruis
207 4900 352 4954 aeterum
378 4885 623 4953 commentariis·
635 4886 734 4970 petita
752 4896 841 4962 sunt,
865 4883 999 4949 multis
989 4906 1022 4948 11
1037 4887 1240 4969 excerpendo
1261 4883 1427 4949 erroribus
