3220 5572
437 385 588 452 1uncx
609 386 791 452 trouu.
1051 470 1058 478 ⁶
1182 342 1311 456 ἰεῦ.
1420 426 1425 433 -

34 527 144 603 teriia,
159 522 358 593 condemnati
370 539 469 604 utut,
493 546 708 613 nequaquam
729 539 802 591 tam
823 525 1152 619 manifestumque
1172 532 1279 596 tontis

36 621 184 697 utuntur,
212 622 346 706 quantis
379 634 419 685 tu
452 621 672 685 convinceris.
727 622 811 686 Puta
840 633 871 685 te
899 643 963 684 non
992 624 1053 685 hac
1080 635 1143 686 tam
1177 626 1278 688 atroci

36 712 146 792 (emur
160 713 287 788 scilicet,
318 725 353 777 ut
375 725 465 778 recte
487 713 653 778 Manutius
679 714 837 796 explicat,
861 734 922 800 qua
947 737 1029 778 nuuc
1050 718 1195 798 utimur),
1218 718 1280 783 scd

35 806 137 889 tulga
151 806 329 875 mumma
338 808 471 887 (Acilia)
493 828 633 871 corisum
657 807 783 871 dicere.
827 810 1024 883 Accusabor
1044 809 1280 894 respoudeblss

32 899 127 963 tortt'lm
147 900 235 965 editu
261 901 314 965 ita
334 901 469 964 mittem
491 902 624 982 (iudices
646 904 686 963 ad
707 902 891 964 sententiam
913 903 1089 982 ferendam)
1109 904 1145 966 in
1166 905 1279 968 consi·

30 992 95 1067 tur,
110 1004 140 1056 td
154 994 263 1071 edom,
287 995 319 1058 si
338 997 399 1073 lex
420 995 553 1075 (Acilia)
575 994 765 1078 ampliandi
774 992 902 1085 sociat
918 1007 1140 1079 potestatem,
1163 1010 1279 1061 tamen

27 1085 65 1147 isti
81 1097 158 1169 trnpe
181 1087 241 1151 sibi
259 1086 458 1152 existiment
479 1089 524 1168 (iu
545 1108 581 1151 re
603 1100 666 1151 tam
689 1088 865 1167 manifesta)
887 1105 955 1153 uon
973 1090 1090 1172 primo
1110 1086 1277 1157 iudicare.

25 1179 54 1241 lit
66 1180 111 1241 bro
124 1180 231 1267 quiden
252 1182 377 1246 ratione
398 1184 425 1246 si
445 1184 536 1246 locus
556 1181 752 1265 explicetur,
777 1180 853 1245 nihil
871 1197 1036 1265 superest,
1060 1186 1148 1267 quod
1169 1208 1279 1270 quem·

22 1293 85 1353 qun
100 1273 197 1338 morari
216 1274 330 1357 possit.
374 1276 520 1340 Scu'rtrz.
935 1305 937 1310 ·

63 1364 173 1428 suncti
191 1367 379 1433 artificiosae
400 1367 605 1452 explicationi
628 1368 724 1453 longe
746 1367 956 1450 praeferenda
977 1380 1025 1432 est
1044 1366 1185 1434 Ernestii
1206 1394 1280 1437 sen·

19 1458 99 1531 urba,
124 1461 241 1542 probata
269 1462 324 1525 illa
348 1464 441 1527 etiam
472 1462 651 1528 Garatonio
680 1475 712 1526 et
739 1462 911 1544 Zuruptio,
944 1480 1007 1547 qua
1034 1461 1170 1526 Aciliam
1200 1467 1281 1530 anti-

19 1551 137 1634 quiorem,
165 1556 326 1619 Serviliam
350 1556 576 1634 recentiorem,
613 1557 697 1619 illam
721 1558 772 1637 (de
795 1556 960 1622 Ciceronis
983 1556 1093 1619 saltem
1116 1558 1280 1641 opinione)

19 1644 144 1721 nitioren,
172 1649 249 1714 banc
270 1651 484 1728 severiorem,
520 1662 553 1714 et
577 1640 673 1713 flocci
700 1648 877 1714 faciendam
906 1670 975 1712 esse
997 1650 1280 1718 Pseudo-Asconii

18 1738 211 1818 rbotationern,
233 1764 318 1828 quae
339 1742 456 1807 tamdiu
477 1743 585 1808 lucum
599 1743 678 1807 iecit
693 1742 770 1806 viris
786 1742 994 1819 doctissimis,
1018 1755 1104 1806 recte
1120 1734 1282 1811 statuitur.

18 1827 52 1891 u
66 1852 139 1913 anno,
156 1857 216 1919 quo
232 1837 340 1900 Acilia
361 1837 424 1900 lata
446 1836 506 1913 sit,
531 1858 594 1901 non
617 1847 753 1902 constat.
797 1835 892 1915 Quod
914 1835 1083 1900 Scblttzius
1106 1857 1173 1899 earn
1196 1860 1224 1902 a.
1247 1863 1280 1902 ιι.

20 1923 70 1984 tu.
84 1925 157 1989 irtam
176 1929 266 2007 dicit,
288 1929 323 1993 in
345 1950 385 1995 eo
408 1942 527 1993 temere
548 1940 676 1993 secutus
692 1942 739 1993 est
755 1928 905 2015 Pighium
920 1930 1019 2005 (Ann.
1036 1930 1134 1994 Rom.
1153 1927 1196 1993 Τ.
1213 1929 1280 1995 ΠΙ.
1302 1990 1305 1999 ,

21 2034 43 2094 l·
56 2016 125 2095 lib),
144 2022 192 2106 qni
212 2025 251 2088 de
272 2044 332 2087 sua
354 2022 538 2087 coniectura
560 2034 723 2086 auctorem
746 2023 828 2107 leg'is
845 2022 889 2086 ttti
904 2043 987 2084 auno
1004 2021 1163 2085 tribunum
1178 2023 1281 2106 plebis

25 2107 151 2192 nbn'nrtu
184 2138 254 2180 curn
285 2117 410 2201 aliquot
441 2116 549 2200 utique
571 2116 660 2179 anuis
682 2118 940 2198 anteponendus
962 2127 1059 2179 esset.
1103 2117 1218 2200 Neque
1240 2117 1282 2183 C.

27 2200 218 2273 tultum
247 2231 312 2274 uos
340 2203 596 2291 penurhahit‘tn
620 2209 754 2294 Proleg.
778 2211 911 2293 Fragm.
934 2206 1033 2294 Legis
1062 2208 1217 2274 serviliae
1246 2233 1282 2294 p.

28 2290 211 2378 &qaorum
234 2301 436 2384 opinionem,
472 2305 526 2386 qui
547 2300 683 2367 Aciliam
711 2315 782 2366 ante
813 2303 977 2366 Seruiliam
1006 2305 1184 2383 ponendam
1212 2325 1282 2368 esse

27 2384 151 2486 utimr,
182 2396 291 2460 relelli
319 2408 406 2460 ratus
429 2416 486 2472 eo,
521 2399 608 2481 quod
630 2398 714 2461 nulla
737 2399 981 2479 repetundarum
1002 2394 1056 2458 lex
1077 2409 1207 2476 praeter
1228 2399 1284 2483 Iu-

25 2495 80 2539 Μ
99 2495 120 2545 tl
139 2486 343 2572 Calpurniana
374 2489 405 2553 iu
434 2489 568 2554 Servilia
598 2500 879 2561 commemoratur.
924 2490 1014 2552 Haec
1044 2488 1125 2551 enim
1154 2509 1207 2552 res
1240 2490 1283 2553 ita

22 2578 100 2637 trum
115 2579 231 2649 alicuius
253 2582 408 2648 momenti
429 2583 532 2660 foret,
563 2582 591 2647 si
613 2584 748 2647 Servilia
770 2585 822 2646 lex
844 2583 968 2666 integra
991 2594 1143 2645 exstaret.
1188 2582 1284 2645 Nunc

21 2680 73 2727 'tto
87 2667 110 2731 id
126 2673 214 2756 ipsum
236 2688 355 2759 caput,
379 2675 412 2740 in
433 2698 499 2762 qno
522 2677 574 2741 vel
596 2677 728 2740 maxime
751 2675 856 2741 Acilia
878 2674 1121 2740 commemorari
1141 2684 1281 2757 poterat,

20 2752 360 2848 decomperendinaudo
381 2792 460 2845 reo,
495 2769 588 2835 uobis
611 2772 712 2834 deest.
756 2766 858 2854 Legis
883 2768 1021 2833 fortasse
1043 2767 1166 2831 Aciliae
1194 2769 1284 2851 frag-

22 2862 89 2917 Mt
108 2862 269 2927 novissime
299 2880 369 2925 cum
399 2864 628 2928 commentario
658 2862 758 2925 edidit
782 2864 905 2929 Klenze
933 2861 966 2924 iu
996 2861 1115 2926 Rbein.
1140 2860 1231 2926 Mus.
1254 2862 1283 2925 f.

22 2937 100 3011 Phila.
116 2956 224 3019 cua.
249 2978 283 3019 u.
307 2956 429 3040 graecu
451 2956 577 3022 Pauor.
623 2958 771 3021 zwetel
793 2957 910 3042 saurg.
932 2957 964 3022 1.
980 2956 1073 3020 neu.
1090 2974 1124 3039 p.
1140 2956 1281 3020 rs-u.

20 3029 57 3096 Cs-
71 3039 203 3113 tiribaldi
224 3050 341 3135 Antiq.
365 3051 464 3114 Rom.
487 3051 638 3116 Menum.
662 3050 797 3135 Legalia
819 3072 854 3135 p.
877 3052 930 3114 tt.

148 3206 277 3272 Acrota
300 3206 507 3273 Carruuura.
552 3207 632 3273 vin.
677 3205 870 3275 carrorum
892 3208 935 3271 de
955 3207 1121 3272 ambitu..

486 3387 615 3452 Acrem
642 3386 759 3483 Datus.

31 3516 225 3616 §.Nunquam
245 3545 316 3589 cum
328 3523 426 3589 Didio
441 3524 565 3588 Acilius
585 3525 695 3589 consul
709 3523 788 3600 tuit,
808 3525 865 3587 red
877 3520 1049 3588 Caecilius.
1072 3522 1186 3607 Itaque
1198 3522 1286 3586 docti

18 3618 111 3690 Muto
122 3616 222 3682 Sestio
238 3640 269 3682 c.
280 3620 332 3683 (ab.
345 3619 512 3705 legendum
528 3630 615 3681 recte
629 3630 776 3682 censent:
794 3617 942 3684 Caecilia
949 3616 1067 3682 Didio.
1100 3618 1182 3680 Nam
1198 3616 1285 3701 leges

20 3695 96 3782 ω,
118 3712 217 3775 turta
238 3712 393 3787 Licinia,
424 3712 574 3776 Caecilia
595 3712 722 3788 Didia,
752 3712 842 3775 luere
864 3713 904 3774 de
926 3708 1060 3773 comitiis
1081 3709 1232 3773 habendis
1253 3721 1286 3772 et

20 3780 299 3871 'vtmnnarun
329 3806 440 3869 modo.
495 3806 609 3889 Itaque
639 3825 733 3887 saepe
763 3807 846 3887 apud
880 3802 1070 3869 Ciceronem
1098 3803 1284 3886 iunguntur.

20 3870 75 3947 W·
90 3906 115 3957 t.
138 3918 167 3961 c.
195 3900 237 3961 ad
267 3900 338 3962 Att.
360 3898 408 3963 ll.
432 3897 462 3964 9.
492 3900 591 3963 etsie
613 3899 677 3961 boc
699 3898 775 3963 loco
796 3896 972 3982 iunguntur
993 3895 1141 3962 Caecilio
1161 3893 1282 3969 Didia,

16 3968 233 4093 anrun.
276 3989 364 4055 Erit.

10 4188 12 4201 =
81 4130 99 4207 i
539 4150 711 4216 Arrunti.

10 4264 13 4345 l
76 4252 159 4333 ²&
176 4270 361 4353 proletarii
389 4282 422 4336 et
448 4271 583 4337 assidui
609 4282 642 4335 et
668 4282 807 4336 annates
835 4281 867 4334 et
888 4268 992 4334 uades
1012 4278 1045 4332 et
1065 4264 1230 4331 subvodes
1253 4276 1286 4330 et

10 4416 12 4429 .
70 4426 76 4437 ,
102 4360 252 4447 'fluitque
270 4385 368 4430 usses
391 4376 423 4428 et
442 4364 589 4430 taliones
593 4363 852 4457 furtorumque
866 4362 1084 4448 quaestiones
1098 4383 1177 4424 cum
1190 4363 1286 4424 lance

10 4432 322 4536 *marmarium
346 4457 511 4543 omnisque
531 4458 586 4521 itta
610 4457 776 4522 duodecim
805 4458 990 4520 tabularum·
1008 4453 1194 4539 antiquitas,
1225 4452 1286 4517 uisi

10 4522 31 4617 i
123 4544 299 4615 redonum
322 4552 591 4615 centumviralium
614 4572 797 4628 causarum,
822 4551 893 4635 lege
915 4547 1063 4615 Aebutia
1085 4547 1146 4610 lata
1169 4565 1286 4610 conso-

10 4616 63 4703 μ’
129 4639 264 4707 'flium
286 4643 510 4729 scientiamque
531 4657 695 4727 praestare
717 4646 819 4708 debeo
841 4642 920 4725 iuris
938 4653 969 4704 et
984 4642 1089 4724 legum
1106 4656 1283 4719 vocumque

10 4714 104 4825 ψ*
130 4731 239 4815 ΨΜ
264 4735 416 4803 utimur.‘’
460 4739 505 4801 A.
535 4737 658 4802 Gellius
687 4737 788 4802 xvl.
813 4738 877 4811 to,
902 4738 933 4801 8.
967 4770 1008 4781 -
1040 4733 1151 4815 „Istae
1175 4748 1283 4794 omncs

71 4819 208 4892 m
224 4830 375 4917 paulatim
400 4830 432 4897 in
452 4831 558 4899 odium
579 4843 751 4898 venerunt.
776 4842 910 4916 namque
932 4851 972 4895 ex
996 4827 1089 4892 nimia
1111 4820 1282 4889 subtilitate
