3214 5586
471 400 624 470 INDEX
644 340 828 472 nntium.
1251 412 1316 477 22⁷

54 543 95 606 tel
108 542 173 605 aisn
191 541 228 605 ad
247 539 398 625 privatam
420 543 643 628 repetitionem
662 545 881 613 instituendam
896 547 1070 619 constituta
1089 563 1234 615 erant-
1249 574 1316 639 quo

54 645 269 717 mpetttrnnt,
293 658 427 722 quorum
450 639 565 704 Livius
587 642 736 720 (thlt.
759 644 807 723 3.)
829 641 989 719 meminit,
1013 644 1149 709 officium
1167 659 1315 730 spectare

53 729 192 806 vtem,
212 728 255 794 ita
273 741 385 814 postea
410 734 572 798 ordinaria
594 756 724 821 quoque
747 749 780 801 et
804 749 960 821 perpetua
985 738 1100 823 iudicia
1123 762 1186 805 nou
1212 741 1316 827 impe·

51 821 146 900 ntur,
171 845 231 909 qun
255 824 357 890 minus
383 826 502 909 privati
524 829 677 912 pecunias
701 831 764 895 sibi
784 843 913 915 ereptas
935 846 1138 917 repeterent,
1172 838 1228 899 sed
1249 849 1314 902 tem
1409 912 1415 917 ,

49 917 133 1021 siren
154 921 396 1004 persequendam
425 943 521 1008 quam
549 926 590 987 ad
614 944 753 1007 poenam
777 927 987 1010 expetendam
1016 927 1188 993 constituta
1213 928 1316 994 fuisse

47 1012 158 1075 utum
178 1013 248 1098 quin
265 1013 357 1078 etiam
371 1029 503 1099 praeter
524 1017 685 1101 publicam
700 1017 836 1084 neminie
852 1020 1061 1098 delationem,
1087 1022 1159 1107 lege
1177 1024 1316 1090 Servilia

42 1104 158 1184 donum,
183 1106 307 1191 priuato
329 1109 399 1174 iure
412 1132 483 1194 ,per
503 1111 586 1197 legis
612 1114 771 1201 actionem
795 1124 828 1177 et
849 1112 976 1199 quidem
999 1136 1059 1198 per
1080 1129 1312 1183 sacramentnm

37 1197 142 1279 pnms
163 1213 264 1285 captas
288 1224 330 1266 ex
357 1204 483 1291 legibus
512 1204 689 1288 Calpurnia
713 1220 746 1275 et
767 1207 859 1272 lunia
882 1221 1031 1291 repetere
1056 1209 1196 1275 licuisse.
1241 1209 1317 1291 (CI.

35 1291 64 1354 1..
80 1293 153 1357 Serv.
173 1295 252 1380 Cap.
269 1298 373 1363 VIII.
397 1310 467 1365 not.
491 1301 544 1364 tt.
567 1301 708 1365 XXIII.
731 1312 802 1367 not.
826 1302 846 1366 3
869 1313 901 1366 et
923 1304 956 1366 l.
1001 1301 1094 1367 Cave
1109 1325 1189 1370 vero
1204 1317 1312 1389 putes,

33 1383 89 1448 bne
103 1387 290 1474 Calpurniam
310 1393 415 1480 legem
441 1396 571 1459 eandem
594 1416 681 1474 esse,
711 1414 804 1481 quatu
826 1396 927 1460 Gaius
948 1397 1028 1476 (IV.
1052 1399 1122 1479 19.)
1143 1420 1214 1462 cum
1235 1399 1313 1465 Silia

31 1480 167 1568 wtintgitt
184 1486 241 1551 ltae
258 1486 345 1551 enim
365 1489 405 1551 ad
424 1487 858 1572 condictionempentinent,
882 1501 996 1555 nostra
1017 1504 1122 1556 autem
1141 1496 1181 1556 nd
1204 1515 1315 1558 sacra-

29 1581 152 1658 ntstun.)
188 1581 281 1646 Hauc
308 1581 469 1666 privatam
496 1582 655 1649 actionem
681 1588 722 1649 ad
750 1585 851 1650 solam
875 1584 1098 1669 repetitionem
1127 1587 1313 1660 instructam

29 1676 93 1734 tter
108 1673 141 1737 de
157 1694 191 1738 re
208 1676 288 1742 solis
312 1675 409 1742 sociis
429 1676 674 1762 peregrinisque
695 1680 798 1742 datam
819 1677 936 1756 fuisse,
958 1680 1079 1765 quippe
1098 1682 1222 1749 civibus
1241 1687 1314 1751 lio-

28 1764 100 1828 mais
126 1767 254 1834 innfflem
283 1782 317 1835 et
347 1771 540 1855 superfluam
570 1772 700 1857 (Itaque
726 1775 766 1835 de
798 1794 858 1838 suo
888 1774 982 1837 etiam
1013 1787 1162 1859 tempore
1191 1776 1313 1845 Cicero
1378 1811 1381 1814 ⁴

28 1858 174 1940 ,drbns'',
196 1863 240 1928 ait
261 1878 365 1940 ,cum'
384 1877 466 1930 sunt
490 1868 619 1948 ereptae
641 1867 815 1950 pecuniae,
838 1867 924 1932 civili
946 1869 1016 1934 lere
1041 1870 1167 1937 actione
1189 1884 1223 1937 et
1244 1873 1314 1956 pri-
1399 1904 1405 1913 ¹

26 1951 152 2018 matus
172 1969 388 2043 reponeretur.
431 1961 523 2025 Haec
543 1961 598 2024 lex
621 1961 749 2026 socialis
774 1974 839 2039 est,
864 1965 929 2028 boc
953 1962 1004 2027 ius
1032 1965 1194 2031 nationum
1223 1980 1313 2032 exte·
1343 2006 1345 2014 ι

27 2050 188 2149 nunes?
208 2052 324 2119 Divin.
348 2042 448 2120 Care.
471 2077 502 2119 c.
527 2055 559 2119 5.
591 2055 689 2120 Item:
715 2055 823 2131 ,Cum
844 2057 900 2121 lex
920 2058 999 2142 ipsa
1013 2061 1051 2123 de
1071 2060 1215 2142 pecuniis
1237 2084 1311 2145 rep.

31 2153 142 2207 *tom
161 2157 255 2233 atque
281 2146 459 2221 amicorum
481 2148 596 2233 populi
619 2151 718 2215 Rom.
741 2172 837 2215 causa
862 2163 972 2234 parata
995 2152 1055 2231 sit,
1082 2155 1223 2241 iniquum
1249 2167 1312 2235 est,

34 2246 77 2294 Μ
89 2255 136 2302 tu
154 2242 241 2327 legis
262 2241 436 2329 iudiciique
456 2254 610 2309 actorem
630 2243 779 2309 idoneum
803 2245 940 2310 maxime
961 2248 1086 2331 putari,
1110 2271 1205 2333 quem
1224 2263 1315 2316 acto-

34 2342 78 2387 Μ
96 2352 182 2399 onae
208 2358 288 2401 suae
315 2371 357 2384 —-
384 2337 464 2403 socii
492 2358 563 2403 etse
590 2339 796 2403 voluerunt.”
831 2339 906 2408 ibid.
929 2362 960 2405 c.
983 2342 1068 2423 tu),
1103 2343 1175 2408 inde
1201 2344 1313 2429 colligi

31 2432 113 2501 W,
136 2434 219 2515 qttod
246 2432 304 2496 lex
332 2432 485 2509 Servilia,
520 2455 614 2520 quam
643 2433 776 2515 primam
803 2433 925 2498 civibus
961 2435 1118 2500 Romanis
1149 2437 1311 2519 publicam

29 2522 207 2618 mmmmm
221 2526 409 2610 permisisse
431 2547 511 2593 mox
533 2525 727 2603 videbimus,
751 2527 878 2592 mutatis
896 2529 948 2591 vel
969 2529 1134 2593 renovatis
1152 2530 1223 2594 fere
1241 2552 1312 2596 om·

27 2596 191 2702 *iniquae
213 2625 255 2685 ad
278 2620 438 2705 publicam
461 2642 587 2686 causam
609 2622 815 2704 spectabant,
839 2624 904 2686 hoc
919 2621 1082 2705 privatum
1096 2623 1179 2709 legis
1199 2624 1311 2690 Iuniae
1411 2674 1417 2681 .

28 2703 221 2792 “murciae
242 2714 396 2780 iudicium
416 2736 482 2781 nou
506 2725 658 2779 mutatum
679 2713 824 2780 retinuit.
869 2717 934 2780 Sed
948 2738 986 2781 ea
1000 2718 1310 2797 condemnationem,

32 2814 86 2877 lm
99 2807 208 2885 putico
229 2809 353 2875 iudicio
374 2809 486 2889 tiebat,
510 2809 631 2890 duplex
649 2830 755 2893 poena
773 2812 988 2894 sequebatur,
1011 2811 1112 2876 litium
1132 2811 1311 2879 aestimatio

34 2895 173 2968 Ultimo.
194 2917 227 2969 et
247 2904 322 2969 lites
346 2904 472 2990 quidem
495 2908 536 2969 ad
552 2905 656 2991 legem
673 2904 840 2969 Serviliam
863 2927 964 2991 usque
983 2904 1107 2988 simpli,
1130 2908 1312 2988 postillam

32 2981 127 3067 ΨΜ
140 3010 325 3079 postremo,
354 2998 464 3063 nescio
487 3010 593 3063 utrum
617 3000 752 3084 exlege
776 2999 945 3076 Cornelia,
977 3020 1015 3062 au
1039 3000 1100 3063 iarn
1127 3021 1168 3064 ex
1193 3000 1311 3077 Acilia,

27 3084 147 3171 tffltnpli
173 3093 356 3158 aestimatas
383 3092 499 3171 luisse,
533 3092 682 3157 discimus
711 3114 752 3156 ex
781 3092 852 3176 ipsa
887 3093 1025 3158 Servilia
1049 3093 1148 3178 (Cap.
1171 3094 1314 3161 xvnl.

20 3184 70 3238 ¹⁰l·
87 3182 136 3261 l.);
154 3206 235 3272 aqna
258 3206 343 3251 vero
366 3199 399 3251 et
419 3186 488 3271 igni
510 3192 575 3253 lion
602 3199 638 3251 ut
663 3188 766 3273 volgo
789 3176 928 3271 putatur
941 3187 996 3253 uni
1018 3188 1133 3275 cuique
1160 3189 1313 3252 condem·

19 3278 72 3334 Νι
87 3273 215 3345 interdici
235 3282 386 3358 solebat,
409 3281 510 3349 sedei
530 3281 607 3359 soli,
633 3280 689 3368 qui
713 3293 881 3366 antequam
902 3305 956 3347 res
971 3281 1108 3347 iudicata
1128 3290 1213 3345 esset
1231 3283 1312 3345 urbe

17 3380 119 3435 metat
136 3387 185 3439 aut
211 3375 247 3440 in
275 3374 406 3439 exilium
427 3375 564 3442 abierat.
597 3375 694 3458 (Cap.
716 3377 783 3441 XI.
807 3391 876 3441 not.
900 3379 948 3457 6.)
992 3376 1145 3443 Ceterum
1173 3397 1213 3438 ex
1238 3377 1310 3462 lege

19 3454 117 3563 &fviii
133 3467 267 3566 intelligi
289 3480 415 3553 potest,
449 3470 556 3534 omnia
579 3469 824 3556 peregrinorum
852 3470 968 3534 iudicia
993 3469 1061 3534 sive
1087 3468 1216 3553 publica
1243 3470 1313 3534 sire

20 3566 179 3645 missaper
201 3576 399 3648 patronum,
430 3585 523 3649 quem
545 3564 627 3648 legis
654 3576 795 3628 actorem
821 3563 942 3628 Cicero
966 3574 1080 3639 vocat,
1109 3563 1153 3626 ita
1180 3575 1313 3646 peracta

23 3660 79 3726 ese,
95 3656 255 3743 utringuli
268 3657 453 3743 peregrini,
478 3679 550 3721 cum
571 3678 634 3742 pro
654 3680 690 3722 se
712 3659 784 3744 lege
807 3678 905 3743 agere
925 3678 989 3722 non
1011 3672 1160 3740 possent,
1185 3681 1311 3724 ornnem

25 3752 107 3809 Μ
124 3752 301 3816 ίιιιιιῐιιιιι
326 3754 480 3816 deberent
500 3752 534 3816 in
562 3763 732 3835 patronum
756 3752 887 3834 publice
915 3754 1041 3830 datum,
1073 3754 1162 3816 cuius
1182 3748 1312 3816 nomine

25 3839 209 3934 Μαι,
234 3846 277 3911 lia
296 3845 532 3925 aestimaretur,
556 3846 690 3931 pecunia
712 3846 912 3911 solveretnra
935 3867 1034 3929 reges
1056 3866 1137 3910 vero
1160 3845 1313 3928 populive

24 3920 87 3995 Μ
103 3958 157 4020 per
177 3941 308 4027 legatos
337 3940 468 4025 publioe
493 3951 647 4023 receptos
672 3960 725 4005 res
751 3949 947 4023 repeterent.
991 3941 1056 4018 (De
1087 3938 1137 4002 bis
1165 3937 1313 4021 patronis

21 4028 140 4098 auum„
157 4035 226 4100 rid.
252 4038 340 4122 Leg.
357 4036 477 4101 servit
503 4035 588 4119 Cap.
612 4036 680 4101 lv.
703 4047 736 4099 et
757 4038 802 4100 V.
824 4046 856 4097 et
877 4045 1045 4118 praeterea
1069 4031 1154 4117 Cap.
1173 4033 1313 4098 XVIII.

15 4128 64 4182 '⁰¹-
80 4124 105 4190 8.
122 4140 153 4192 et
172 4131 278 4197 XIX.
300 4141 372 4196 not.
397 4133 445 4210 1.)
488 4131 563 4194 Non
583 4151 634 4193 me
652 4126 808 4213 praeterit
820 4129 887 4193 boc
904 4126 1133 4211 patrocinium,
1159 4138 1314 4213 quantum
1402 4122 1406 4135 '

14 4210 108 4291 ΜΝ
132 4227 172 4287 ad
199 4224 361 4309 privatum
389 4224 539 4289 iudicium
568 4226 696 4302 attinet,
730 4221 887 4287 eiusmodi
909 4242 997 4298 esse,
1028 4233 1105 4286 uta
1131 4220 1314 4287 Gaio'non
1384 4250 1390 4257 ·

14 4304 125 4379 'litatur
143 4319 295 4405 agnosci,
329 4318 384 4406 qui
403 4318 533 4383 alterius
554 4317 683 4383 nourine
704 4318 776 4403 lege
800 4338 898 4401 agere
919 4316 952 4379 in
973 4327 1076 4380 totum
1100 4336 1164 4380 uon
1186 4316 1313 4379 licuisse

14 4403 98 4484 Mill,
118 4411 174 4476 nisi
197 4413 304 4477 causis
324 4414 513 4498 quibusdam
538 4414 580 4477 ab
598 4414 659 4476 hac
685 4412 785 4497 lunge
808 4409 944 4476 diversis
966 4410 1081 4490 (Gaius
1102 4411 1167 4475 lv.
1188 4409 1246 4475 82.
1271 4442 1315 4459 -

14 4514 85 4562 »Μ
108 4505 182 4570 olins
210 4507 363 4592 qnamdm
390 4496 539 4590 [retal]
572 4504 655 4592 legis
682 4505 824 4570 actiones
848 4504 883 4567 in
911 4525 971 4568 usu
996 4503 1148 4579 subrent,
1182 4503 1314 4567 alterius

13 4590 109 4659 tonius
130 4616 229 4685 egere
253 4622 320 4667 non
345 4599 478 4678 liceret,
509 4599 606 4683 [nisi]
628 4620 692 4684 pro
717 4599 841 4684 populo
866 4598 915 4679 [et
939 4598 1110 4662 libertatis
1132 4595 1313 4677 carna]’')t

14 4698 95 4752 ΜΝ
117 4691 201 4758 ister
227 4696 285 4760 bns
305 4695 392 4780 ipsas
413 4714 494 4782 qnae
514 4694 636 4778 excipit
658 4713 771 4758 causas
793 4712 859 4757 non
880 4689 1042 4754 dubitabis
1069 4690 1147 4775 quin
1167 4689 1316 4773 peregri·

13 4792 100 4875 ,ΝΜ
119 4786 273 4853 retiosem
295 4792 369 4857 solo
394 4790 476 4854 vitio
503 4788 677 4854 memoriae
701 4783 858 4852 omiserit.
902 4785 985 4848 Nam
1007 4784 1060 4847 vel
1086 4784 1120 4848 in
1149 4779 1316 4848 Iustiniani

14 4871 234 4948 wintonium
258 4885 333 4968 (Pr.
355 4885 387 4961 Ι.
409 4886 452 4949 de
470 4882 527 4963 iis,
560 4902 596 4969 p.
616 4903 652 4966 q.
673 4900 771 4968 agere
791 4898 972 4963 mutnus.
1016 4875 1073 4943 ct.
1095 4879 1140 4944 L.
1162 4875 1237 4940 sta.
1259 4892 1315 4955 pt.
