<?xml version="1.0" encoding="UTF-8"?>
<!DOCTYPE html PUBLIC "-//W3C//DTD XHTML 1.0 Transitional//EN"
    "http://www.w3.org/TR/xhtml1/DTD/xhtml1-transitional.dtd">
<html xmlns="http://www.w3.org/1999/xhtml" xml:lang="en" lang="en">
 <head>
  <title>
</title>
<meta http-equiv="Content-Type" content="text/html;charset=utf-8" />
  <meta name='ocr-system' content='tesseract 3.04.00' />
  <meta name='ocr-capabilities' content='ocr_page ocr_carea ocr_par ocr_line ocrx_word'/>
</head>
<body>
  <div class='ocr_page' id='page_1' title='image "./mtulliiciceroni01fabrgoog_0202.png"; bbox 0 0 3220 5572; ppageno 0'>
   <div class='ocr_carea' id='block_1_1' title="bbox 314 298 1344 395">
    <p class='ocr_par' dir='ltr' id='par_1_1' title="bbox 314 298 1344 395">
     <span class='ocr_line' id='line_1_1' title="bbox 314 298 1344 395; baseline -0.001 -4"><span class='ocrx_word' id='word_1_1' title='bbox 314 298 318 311; x_wconf 83' lang='grc'>’</span> <span class='ocrx_word' id='word_1_2' title='bbox 403 338 407 343; x_wconf 91' lang='grc'><strong><em>·</em></strong></span> <span class='ocrx_word' id='word_1_3' title='bbox 469 324 621 391; x_wconf 79' lang='lat' dir='ltr'><strong>rnnnx</strong></span> <span class='ocrx_word' id='word_1_4' title='bbox 643 326 827 393; x_wconf 73' lang='lat' dir='ltr'><strong>oseem.</strong></span> <span class='ocrx_word' id='word_1_5' title='bbox 1048 378 1057 395; x_wconf 74' lang='grc'>,</span> <span class='ocrx_word' id='word_1_6' title='bbox 1253 328 1344 391; x_wconf 83' lang='grc' dir='ltr'><strong>ιιι·</strong></span> 
     </span>
    </p>
   </div>
   <div class='ocr_carea' id='block_1_2' title="bbox 42 466 1400 1406">
    <p class='ocr_par' dir='ltr' id='par_1_2' title="bbox 63 466 1361 741">
     <span class='ocr_line' id='line_1_2' title="bbox 63 466 1312 558; baseline -0.001 -25"><span class='ocrx_word' id='word_1_7' title='bbox 63 483 177 558; x_wconf 70' lang='lat' dir='ltr'><strong>propterea</strong></span> <span class='ocrx_word' id='word_1_8' title='bbox 198 470 277 555; x_wconf 80' lang='lat' dir='ltr'><strong>quod</strong></span> <span class='ocrx_word' id='word_1_9' title='bbox 304 468 383 533; x_wconf 78' lang='lat' dir='ltr'><strong>niter</strong></span> <span class='ocrx_word' id='word_1_10' title='bbox 414 466 467 531; x_wconf 88' lang='lat' dir='ltr'><strong>uni</strong></span> <span class='ocrx_word' id='word_1_11' title='bbox 496 466 573 532; x_wconf 85' lang='lat' dir='ltr'><strong>illud</strong></span> <span class='ocrx_word' id='word_1_12' title='bbox 598 469 715 533; x_wconf 79' lang='lat' dir='ltr'><strong>bellurn</strong></span> <span class='ocrx_word' id='word_1_13' title='bbox 746 467 978 549; x_wconf 82' lang='lat' dir='ltr'><strong>sorscipiendurn</strong></span> <span class='ocrx_word' id='word_1_14' title='bbox 1008 466 1124 532; x_wconf 82' lang='lat' dir='ltr'><strong>vestris</strong></span> <span class='ocrx_word' id='word_1_15' title='bbox 1150 466 1312 545; x_wconf 71' lang='lat' dir='ltr'><strong>suffragiis</strong></span> 
     </span>
     <span class='ocr_line' id='line_1_3' title="bbox 65 562 1310 645; baseline -0.004 -14"><span class='ocrx_word' id='word_1_16' title='bbox 65 568 145 639; x_wconf 80' lang='lat' dir='ltr'><strong>irtrlit,</strong></span> <span class='ocrx_word' id='word_1_17' title='bbox 165 564 233 629; x_wconf 84' lang='lat' dir='ltr'><strong>alter</strong></span> <span class='ocrx_word' id='word_1_18' title='bbox 258 563 390 627; x_wconf 79' lang='lat' dir='ltr'><strong>delatum</strong></span> <span class='ocrx_word' id='word_1_19' title='bbox 417 575 663 645; x_wconf 84' lang='lat' dir='ltr'><strong>susceptumque</strong></span> <span class='ocrx_word' id='word_1_20' title='bbox 691 562 864 628; x_wconf 79' lang='lat' dir='ltr'><strong>confecit.&#39;&#39;</strong></span> <span class='ocrx_word' id='word_1_21' title='bbox 898 584 960 645; x_wconf 89' lang='lat' dir='ltr'><strong>pro</strong></span> <span class='ocrx_word' id='word_1_22' title='bbox 986 563 1059 641; x_wconf 70' lang='lat' dir='ltr'><strong>lege</strong></span> <span class='ocrx_word' id='word_1_23' title='bbox 1087 562 1221 627; x_wconf 82' lang='lat' dir='ltr'><strong>Monilia</strong></span> <span class='ocrx_word' id='word_1_24' title='bbox 1254 563 1310 638; x_wconf 81' lang='lat'><strong>19,</strong></span> 
     </span>
     <span class='ocr_line' id='line_1_4' title="bbox 64 656 1361 741; baseline -0.004 -17"><span class='ocrx_word' id='word_1_25' title='bbox 64 664 89 727; x_wconf 77' lang='lat' dir='ltr'><strong>il</strong></span> <span class='ocrx_word' id='word_1_26' title='bbox 102 674 121 724; x_wconf 87' lang='lat' dir='ltr'><strong>rt</strong></span> <span class='ocrx_word' id='word_1_27' title='bbox 134 660 172 725; x_wconf 79' lang='lat' dir='ltr'><strong>ll.</strong></span> <span class='ocrx_word' id='word_1_28' title='bbox 190 687 225 704; x_wconf 89' lang='lat'>-</span> <span class='ocrx_word' id='word_1_29' title='bbox 248 705 263 733; x_wconf 87' lang='lat'><strong>,</strong></span> <span class='ocrx_word' id='word_1_30' title='bbox 275 656 478 721; x_wconf 80' lang='lat' dir='ltr'><strong>Monilesturn</strong></span> <span class='ocrx_word' id='word_1_31' title='bbox 501 668 566 735; x_wconf 86' lang='lat' dir='ltr'><strong>est,</strong></span> <span class='ocrx_word' id='word_1_32' title='bbox 591 661 630 721; x_wconf 83' lang='lat' dir='ltr'><strong>de</strong></span> <span class='ocrx_word' id='word_1_33' title='bbox 652 679 689 721; x_wconf 78' lang='lat' dir='ltr'><strong>ea</strong></span> <span class='ocrx_word' id='word_1_34' title='bbox 712 659 784 741; x_wconf 79' lang='lat' dir='ltr'><strong>lege</strong></span> <span class='ocrx_word' id='word_1_35' title='bbox 799 656 989 722; x_wconf 84' lang='lat' dir='ltr'><strong>Ciceronem</strong></span> <span class='ocrx_word' id='word_1_36' title='bbox 1005 679 1088 722; x_wconf 89' lang='lat' dir='ltr'><strong>nunc</strong></span> <span class='ocrx_word' id='word_1_37' title='bbox 1103 657 1227 725; x_wconf 85' lang='lat' dir='ltr'><strong>dicere.</strong></span> <span class='ocrx_word' id='word_1_38' title='bbox 1252 677 1313 738; x_wconf 85' lang='lat' dir='ltr'><strong>qna</strong></span> <span class='ocrx_word' id='word_1_39' title='bbox 1358 668 1361 676; x_wconf 94' lang='grc'><strong>’</strong></span> 
     </span>
    </p>

    <p class='ocr_par' dir='ltr' id='par_1_3' title="bbox 63 748 1355 834">
     <span class='ocr_line' id='line_1_5' title="bbox 63 748 1355 834; baseline -0.004 -15"><span class='ocrx_word' id='word_1_40' title='bbox 63 754 100 820; x_wconf 83' lang='lat' dir='ltr'><strong>Cn</strong></span> <span class='ocrx_word' id='word_1_41' title='bbox 114 751 238 834; x_wconf 74' lang='lat' dir='ltr'><strong>Pompeio</strong></span> <span class='ocrx_word' id='word_1_42' title='bbox 258 753 371 816; x_wconf 87' lang='lat' dir='ltr'><strong>bellum</strong></span> <span class='ocrx_word' id='word_1_43' title='bbox 396 753 549 814; x_wconf 80' lang='lat' dir='ltr'><strong>adversos</strong></span> <span class='ocrx_word' id='word_1_44' title='bbox 576 753 695 833; x_wconf 85' lang='lat' dir='ltr'><strong>piratas</strong></span> <span class='ocrx_word' id='word_1_45' title='bbox 718 757 822 814; x_wconf 75' lang='lat' dir='ltr'><strong>datium</strong></span> <span class='ocrx_word' id='word_1_46' title='bbox 846 765 905 815; x_wconf 88' lang='lat' dir='ltr'><strong>est.</strong></span> <span class='ocrx_word' id='word_1_47' title='bbox 936 753 977 815; x_wconf 86' lang='lat' dir='ltr'><strong>l..</strong></span> <span class='ocrx_word' id='word_1_48' title='bbox 1002 763 1105 814; x_wconf 84' lang='lat' dir='ltr'><strong>autem</strong></span> <span class='ocrx_word' id='word_1_49' title='bbox 1131 751 1314 814; x_wconf 77' lang='lat' dir='ltr'><strong>Trebellius</strong></span> <span class='ocrx_word' id='word_1_50' title='bbox 1352 748 1355 761; x_wconf 79' lang='lat'>&#39;</span> 
     </span>
    </p>

    <p class='ocr_par' dir='ltr' id='par_1_4' title="bbox 42 846 1400 1406">
     <span class='ocr_line' id='line_1_6' title="bbox 60 846 1400 930; baseline -0.004 -17"><span class='ocrx_word' id='word_1_51' title='bbox 60 847 211 913; x_wconf 80' lang='lat' dir='ltr'><strong>ettribonus</strong></span> <span class='ocrx_word' id='word_1_52' title='bbox 231 846 347 929; x_wconf 85' lang='lat' dir='ltr'><strong>plebio,</strong></span> <span class='ocrx_word' id='word_1_53' title='bbox 382 867 448 930; x_wconf 87' lang='lat' dir='ltr'><strong>quo</strong></span> <span class='ocrx_word' id='word_1_54' title='bbox 476 858 704 927; x_wconf 71' lang='lat' dir='ltr'><strong>perseverante</strong></span> <span class='ocrx_word' id='word_1_55' title='bbox 733 846 929 909; x_wconf 74' lang='lat' dir='ltr'><strong>intercedere</strong></span> <span class='ocrx_word' id='word_1_56' title='bbox 955 846 1040 910; x_wconf 90' lang='lat' dir='ltr'><strong>intro</strong></span> <span class='ocrx_word' id='word_1_57' title='bbox 1069 864 1185 909; x_wconf 82' lang='lat' dir='ltr'><strong>vocare</strong></span> <span class='ocrx_word' id='word_1_58' title='bbox 1210 846 1314 908; x_wconf 86' lang='lat' dir='ltr'><strong>tribus</strong></span> <span class='ocrx_word' id='word_1_59' title='bbox 1398 888 1400 897; x_wconf 84' lang='lat'><strong>.</strong></span> 
     </span>
     <span class='ocr_line' id='line_1_7' title="bbox 58 940 1314 1024; baseline -0.002 -19"><span class='ocrx_word' id='word_1_60' title='bbox 58 940 300 1023; x_wconf 68' lang='lat' dir='ltr'><strong>omoiousion,</strong></span> <span class='ocrx_word' id='word_1_61' title='bbox 331 951 365 1005; x_wconf 88' lang='lat' dir='ltr'><strong>ut</strong></span> <span class='ocrx_word' id='word_1_62' title='bbox 389 940 556 1004; x_wconf 88' lang='lat' dir='ltr'><strong>&#39;l&#39;rebellio</strong></span> <span class='ocrx_word' id='word_1_63' title='bbox 581 942 796 1024; x_wconf 78' lang='lat' dir='ltr'><strong>magistratum</strong></span> <span class='ocrx_word' id='word_1_64' title='bbox 821 943 1009 1020; x_wconf 66' lang='lat' dir='ltr'><strong>abrogaret.</strong></span> <span class='ocrx_word' id='word_1_65' title='bbox 1055 940 1098 1004; x_wconf 84' lang='lat' dir='ltr'><strong>Et</strong></span> <span class='ocrx_word' id='word_1_66' title='bbox 1121 940 1314 1022; x_wconf 78' lang='lat' dir='ltr'><strong>eliqueuutiu</strong></span> 
     </span>
     <span class='ocr_line' id='line_1_8' title="bbox 56 1032 1312 1118; baseline -0.005 -17"><span class='ocrx_word' id='word_1_67' title='bbox 56 1035 177 1101; x_wconf 80' lang='lat' dir='ltr'><strong>Trebellius</strong></span> <span class='ocrx_word' id='word_1_68' title='bbox 196 1037 353 1118; x_wconf 74' lang='lat' dir='ltr'><strong>perstabat</strong></span> <span class='ocrx_word' id='word_1_69' title='bbox 373 1032 406 1098; x_wconf 88' lang='lat' dir='ltr'><strong>in</strong></span> <span class='ocrx_word' id='word_1_70' title='bbox 428 1034 680 1107; x_wconf 87' lang='lat' dir='ltr'><strong>intercessiooe;</strong></span> <span class='ocrx_word' id='word_1_71' title='bbox 703 1038 758 1098; x_wconf 84' lang='lat' dir='ltr'><strong>sed</strong></span> <span class='ocrx_word' id='word_1_72' title='bbox 784 1048 953 1118; x_wconf 78' lang='lat' dir='ltr'><strong>postquam</strong></span> <span class='ocrx_word' id='word_1_73' title='bbox 977 1036 1061 1099; x_wconf 86' lang='lat' dir='ltr'><strong>Vll.</strong></span> <span class='ocrx_word' id='word_1_74' title='bbox 1085 1047 1116 1097; x_wconf 88' lang='lat' dir='ltr'><strong>et</strong></span> <span class='ocrx_word' id='word_1_75' title='bbox 1139 1036 1186 1099; x_wconf 86' lang='grc' dir='ltr'><strong>Χι</strong></span> <span class='ocrx_word' id='word_1_76' title='bbox 1211 1036 1312 1097; x_wconf 89' lang='lat' dir='ltr'><strong>tribus</strong></span> 
     </span>
     <span class='ocr_line' id='line_1_9' title="bbox 49 1128 1310 1217; baseline -0.003 -24"><span class='ocrx_word' id='word_1_77' title='bbox 49 1130 192 1211; x_wconf 68' lang='lat' dir='ltr'><strong>rogationem</strong></span> <span class='ocrx_word' id='word_1_78' title='bbox 220 1140 425 1217; x_wconf 60' lang='lat' dir='ltr'><strong>occeperunt3</strong></span> <span class='ocrx_word' id='word_1_79' title='bbox 461 1130 580 1192; x_wconf 89' lang='lat' dir='ltr'><strong>remisit</strong></span> <span class='ocrx_word' id='word_1_80' title='bbox 618 1129 875 1196; x_wconf 70' lang='lat' dir='ltr'><strong>intercessionem</strong></span> <span class='ocrx_word' id='word_1_81' title='bbox 908 1128 1109 1201; x_wconf 70' lang='lat' dir='ltr'><strong>Trebellius?</strong></span> <span class='ocrx_word' id='word_1_82' title='bbox 1142 1143 1236 1209; x_wconf 88' lang='lat' dir='ltr'><strong>atque</strong></span> <span class='ocrx_word' id='word_1_83' title='bbox 1270 1132 1310 1189; x_wconf 80' lang='lat' dir='ltr'><strong>ita</strong></span> 
     </span>
     <span class='ocr_line' id='line_1_10' title="bbox 45 1214 1312 1308; baseline -0.002 -20"><span class='ocrx_word' id='word_1_84' title='bbox 45 1226 112 1308; x_wconf 75' lang='lat' dir='ltr'><strong>legen</strong></span> <span class='ocrx_word' id='word_1_85' title='bbox 130 1223 262 1288; x_wconf 82' lang='lat' dir='ltr'><strong>Gobioius</strong></span> <span class='ocrx_word' id='word_1_86' title='bbox 283 1226 324 1287; x_wconf 83' lang='lat' dir='ltr'><strong>tle</strong></span> <span class='ocrx_word' id='word_1_87' title='bbox 345 1224 457 1307; x_wconf 87' lang='lat' dir='ltr'><strong>piratis</strong></span> <span class='ocrx_word' id='word_1_88' title='bbox 479 1226 706 1306; x_wconf 79' lang='lat' dir='ltr'><strong>persequendis</strong></span> <span class='ocrx_word' id='word_1_89' title='bbox 729 1223 893 1306; x_wconf 84' lang='lat' dir='ltr'><strong>pertoolit.”</strong></span> <span class='ocrx_word' id='word_1_90' title='bbox 938 1214 1100 1289; x_wconf 62' lang='lat' dir='ltr'><strong>A&#39;sconius</strong></span> <span class='ocrx_word' id='word_1_91' title='bbox 1121 1223 1152 1285; x_wconf 92' lang='lat' dir='ltr'><strong>in</strong></span> <span class='ocrx_word' id='word_1_92' title='bbox 1176 1222 1312 1288; x_wconf 88' lang='lat' dir='ltr'><strong>Cornel.</strong></span> 
     </span>
     <span class='ocr_line' id='line_1_11' title="bbox 42 1317 1311 1406; baseline -0.001 -25"><span class='ocrx_word' id='word_1_93' title='bbox 42 1340 65 1400; x_wconf 86' lang='lat' dir='ltr'><strong>p.</strong></span> <span class='ocrx_word' id='word_1_94' title='bbox 86 1324 112 1381; x_wconf 81' lang='lat' dir='ltr'><strong>ot</strong></span> <span class='ocrx_word' id='word_1_95' title='bbox 135 1340 177 1403; x_wconf 83' lang='lat' dir='ltr'><strong>oq.</strong></span> <span class='ocrx_word' id='word_1_96' title='bbox 202 1353 242 1366; x_wconf 88' lang='lat'><em>-</em></span> <span class='ocrx_word' id='word_1_97' title='bbox 275 1318 363 1393; x_wconf 72' lang='lat' dir='ltr'><strong>„Cu</strong></span> <span class='ocrx_word' id='word_1_98' title='bbox 391 1319 563 1401; x_wconf 85' lang='lat' dir='ltr'><strong>Pompeius</strong></span> <span class='ocrx_word' id='word_1_99' title='bbox 587 1320 661 1401; x_wconf 77' lang='lat' dir='ltr'><strong>lege</strong></span> <span class='ocrx_word' id='word_1_100' title='bbox 689 1322 728 1381; x_wconf 85' lang='lat' dir='ltr'><strong>ad</strong></span> <span class='ocrx_word' id='word_1_101' title='bbox 758 1320 911 1401; x_wconf 85' lang='lat' dir='ltr'><strong>populum</strong></span> <span class='ocrx_word' id='word_1_102' title='bbox 934 1320 996 1381; x_wconf 72' lang='lat' dir='ltr'><strong>lata</strong></span> <span class='ocrx_word' id='word_1_103' title='bbox 1021 1317 1168 1401; x_wconf 78' lang='lat' dir='ltr'><strong>persequi</strong></span> <span class='ocrx_word' id='word_1_104' title='bbox 1191 1320 1311 1406; x_wconf 75' lang='lat' dir='ltr'><strong>piqntas</strong></span> 
     </span>
    </p>
   </div>
   <div class='ocr_carea' id='block_1_3' title="bbox 40 1413 1423 1498">
    <p class='ocr_par' dir='ltr' id='par_1_5' title="bbox 40 1413 1423 1498">
     <span class='ocr_line' id='line_1_12' title="bbox 40 1413 1423 1498; baseline 0 -23"><span class='ocrx_word' id='word_1_105' title='bbox 40 1414 161 1492; x_wconf 59' lang='lat' dir='ltr'><strong>mimia.</strong></span> <span class='ocrx_word' id='word_1_106' title='bbox 181 1435 209 1479; x_wconf 89' lang='lat' dir='ltr'><strong>n.</strong></span> <span class='ocrx_word' id='word_1_107' title='bbox 228 1436 258 1480; x_wconf 87' lang='lat' dir='ltr'><strong>e.</strong></span> <span class='ocrx_word' id='word_1_108' title='bbox 282 1414 390 1490; x_wconf 65' lang='lat' dir='ltr'><strong>elib),</strong></span> <span class='ocrx_word' id='word_1_109' title='bbox 424 1414 478 1498; x_wconf 88' lang='lat' dir='ltr'><strong>qui</strong></span> <span class='ocrx_word' id='word_1_110' title='bbox 507 1414 733 1477; x_wconf 79' lang='lat' dir='ltr'><strong>commercium</strong></span> <span class='ocrx_word' id='word_1_111' title='bbox 764 1435 906 1476; x_wconf 76' lang='lat' dir='ltr'><strong>annonae</strong></span> <span class='ocrx_word' id='word_1_112' title='bbox 935 1413 1195 1484; x_wconf 78' lang='lat' dir='ltr'><strong>intercluseront,</strong></span> <span class='ocrx_word' id='word_1_113' title='bbox 1229 1413 1312 1475; x_wconf 79' lang='lat' dir='ltr'><strong>intra</strong></span> <span class='ocrx_word' id='word_1_114' title='bbox 1420 1462 1423 1467; x_wconf 91' lang='lat'><strong>.</strong></span> 
     </span>
    </p>
   </div>
   <div class='ocr_carea' id='block_1_4' title="bbox 36 1505 1312 1687">
    <p class='ocr_par' dir='ltr' id='par_1_6' title="bbox 36 1505 1312 1687">
     <span class='ocr_line' id='line_1_13' title="bbox 36 1505 1312 1591; baseline 0 -22"><span class='ocrx_word' id='word_1_115' title='bbox 36 1506 255 1591; x_wconf 73' lang='lat' dir='ltr'><strong>quadragesimum</strong></span> <span class='ocrx_word' id='word_1_116' title='bbox 285 1510 368 1573; x_wconf 84' lang='lat' dir='ltr'><strong>diem</strong></span> <span class='ocrx_word' id='word_1_117' title='bbox 397 1520 468 1573; x_wconf 85' lang='lat' dir='ltr'><strong>toto</strong></span> <span class='ocrx_word' id='word_1_118' title='bbox 498 1508 577 1570; x_wconf 86' lang='lat' dir='ltr'><strong>mari</strong></span> <span class='ocrx_word' id='word_1_119' title='bbox 606 1528 663 1571; x_wconf 88' lang='lat' dir='ltr'><strong>eos</strong></span> <span class='ocrx_word' id='word_1_120' title='bbox 691 1510 846 1590; x_wconf 77' lang='lat' dir='ltr'><strong>enpoolit.&#39;&#39;</strong></span> <span class='ocrx_word' id='word_1_121' title='bbox 894 1508 968 1572; x_wconf 82' lang='lat' dir='ltr'><strong>Lir.</strong></span> <span class='ocrx_word' id='word_1_122' title='bbox 999 1508 1090 1590; x_wconf 88' lang='lat' dir='ltr'><strong>Epit.</strong></span> <span class='ocrx_word' id='word_1_123' title='bbox 1114 1505 1246 1572; x_wconf 85' lang='lat' dir='ltr'><strong>XCIX.</strong></span> <span class='ocrx_word' id='word_1_124' title='bbox 1270 1540 1312 1555; x_wconf 74' lang='grc'><strong>«-</strong></span> 
     </span>
     <span class='ocr_line' id='line_1_14' title="bbox 37 1600 1312 1687; baseline 0.003 -25"><span class='ocrx_word' id='word_1_125' title='bbox 37 1600 305 1673; x_wconf 70' lang='lat' dir='ltr'><strong>.soiuuouotu1·a</strong></span> <span class='ocrx_word' id='word_1_126' title='bbox 334 1604 505 1687; x_wconf 80' lang='lat' dir='ltr'><strong>rogatione</strong></span> <span class='ocrx_word' id='word_1_127' title='bbox 536 1602 639 1665; x_wconf 82' lang='lat' dir='ltr'><strong>victos</strong></span> <span class='ocrx_word' id='word_1_128' title='bbox 669 1621 737 1665; x_wconf 87' lang='lat' dir='ltr'><strong>esse</strong></span> <span class='ocrx_word' id='word_1_129' title='bbox 767 1605 808 1665; x_wconf 89' lang='lat' dir='ltr'><strong>ab</strong></span> <span class='ocrx_word' id='word_1_130' title='bbox 838 1600 903 1668; x_wconf 90' lang='lat' dir='ltr'><strong>Cn.</strong></span> <span class='ocrx_word' id='word_1_131' title='bbox 933 1602 1093 1686; x_wconf 87' lang='lat' dir='ltr'><strong>Pompeio</strong></span> <span class='ocrx_word' id='word_1_132' title='bbox 1119 1602 1312 1684; x_wconf 77' lang='lat' dir='ltr'><strong>imperatore</strong></span> 
     </span>
    </p>
   </div>
   <div class='ocr_carea' id='block_1_5' title="bbox 35 1694 867 1780">
    <p class='ocr_par' dir='ltr' id='par_1_7' title="bbox 35 1694 867 1780">
     <span class='ocr_line' id='line_1_15' title="bbox 35 1694 867 1780; baseline 0.008 -25"><span class='ocrx_word' id='word_1_133' title='bbox 35 1694 145 1775; x_wconf 80' lang='lat' dir='ltr'><strong>putu.&#39;&#39;</strong></span> <span class='ocrx_word' id='word_1_134' title='bbox 181 1698 285 1765; x_wconf 75' lang='lat' dir='ltr'><strong>schot.</strong></span> <span class='ocrx_word' id='word_1_135' title='bbox 311 1698 397 1762; x_wconf 89' lang='lat' dir='ltr'><strong>Bob.</strong></span> <span class='ocrx_word' id='word_1_136' title='bbox 421 1718 484 1780; x_wconf 86' lang='lat' dir='ltr'><strong>pro</strong></span> <span class='ocrx_word' id='word_1_137' title='bbox 506 1696 627 1761; x_wconf 86' lang='lat' dir='ltr'><strong>Flacco</strong></span> <span class='ocrx_word' id='word_1_138' title='bbox 650 1719 684 1779; x_wconf 91' lang='lat' dir='ltr'><strong>p.</strong></span> <span class='ocrx_word' id='word_1_139' title='bbox 708 1697 787 1771; x_wconf 76' lang='lat'><strong>235,</strong></span> <span class='ocrx_word' id='word_1_140' title='bbox 812 1697 867 1762; x_wconf 77' lang='lat'><strong>30.</strong></span> 
     </span>
    </p>
   </div>
   <div class='ocr_carea' id='block_1_6' title="bbox 109 1828 1204 1923">
    <p class='ocr_par' dir='ltr' id='par_1_8' title="bbox 109 1828 1204 1923">
     <span class='ocr_line' id='line_1_16' title="bbox 109 1828 1204 1923; baseline 0.005 -33"><span class='ocrx_word' id='word_1_141' title='bbox 109 1828 237 1894; x_wconf 79' lang='lat' dir='ltr'><strong>Grnrurn</strong></span> <span class='ocrx_word' id='word_1_142' title='bbox 259 1830 303 1895; x_wconf 82' lang='lat' dir='ltr'><strong>oie</strong></span> <span class='ocrx_word' id='word_1_143' title='bbox 326 1851 471 1893; x_wconf 77' lang='lat' dir='ltr'><strong>cerciores</strong></span> <span class='ocrx_word' id='word_1_144' title='bbox 492 1832 624 1896; x_wconf 76' lang='lat' dir='ltr'><strong>Romae</strong></span> <span class='ocrx_word' id='word_1_145' title='bbox 643 1829 912 1914; x_wconf 81' lang='lat' dir='ltr'><strong>provincialibus</strong></span> <span class='ocrx_word' id='word_1_146' title='bbox 935 1828 1204 1923; x_wconf 77' lang='lat' dir='ltr'><strong>nonfacienda.</strong></span> 
     </span>
    </p>
   </div>
   <div class='ocr_carea' id='block_1_7' title="bbox 39 1932 1408 2866">
    <p class='ocr_par' dir='ltr' id='par_1_9' title="bbox 39 1932 1408 2772">
     <span class='ocr_line' id='line_1_17' title="bbox 91 1932 1311 2016; baseline 0.002 -22"><span class='ocrx_word' id='word_1_147' title='bbox 91 1932 246 2011; x_wconf 80' lang='lat' dir='ltr'><strong>,Salaminii</strong></span> <span class='ocrx_word' id='word_1_148' title='bbox 281 1956 353 1997; x_wconf 88' lang='lat' dir='ltr'><strong>cum</strong></span> <span class='ocrx_word' id='word_1_149' title='bbox 385 1935 509 1998; x_wconf 86' lang='lat' dir='ltr'><strong>Romae</strong></span> <span class='ocrx_word' id='word_1_150' title='bbox 542 1955 704 1996; x_wconf 84' lang='lat' dir='ltr'><strong>versuram</strong></span> <span class='ocrx_word' id='word_1_151' title='bbox 736 1934 843 1997; x_wconf 81' lang='lat' dir='ltr'><strong>lacere</strong></span> <span class='ocrx_word' id='word_1_152' title='bbox 877 1934 1013 2008; x_wconf 86' lang='lat' dir='ltr'><strong>vellent,</strong></span> <span class='ocrx_word' id='word_1_153' title='bbox 1045 1956 1109 1999; x_wconf 87' lang='lat' dir='ltr'><strong>noo</strong></span> <span class='ocrx_word' id='word_1_154' title='bbox 1143 1945 1311 2016; x_wconf 74' lang='lat' dir='ltr'><strong>poterant,</strong></span> 
     </span>
     <span class='ocr_line' id='line_1_18' title="bbox 41 2027 1315 2106; baseline 0.002 -18"><span class='ocrx_word' id='word_1_155' title='bbox 41 2027 94 2105; x_wconf 82' lang='lat' dir='ltr'><strong>pol</strong></span> <span class='ocrx_word' id='word_1_156' title='bbox 112 2027 152 2089; x_wconf 83' lang='grc' dir='ltr'><strong>Ιιιι</strong></span> <span class='ocrx_word' id='word_1_157' title='bbox 172 2027 318 2092; x_wconf 82' lang='lat' dir='ltr'><strong>Gabinia</strong></span> <span class='ocrx_word' id='word_1_158' title='bbox 341 2032 481 2092; x_wconf 79' lang='lat' dir='ltr'><strong>vetabat.</strong></span> <span class='ocrx_word' id='word_1_159' title='bbox 506 2058 546 2075; x_wconf 86' lang='lat'><strong>·-</strong></span> <span class='ocrx_word' id='word_1_160' title='bbox 584 2029 702 2092; x_wconf 82' lang='lat' dir='ltr'><strong>Postea</strong></span> <span class='ocrx_word' id='word_1_161' title='bbox 731 2028 818 2091; x_wconf 89' lang='lat' dir='ltr'><strong>venit</strong></span> <span class='ocrx_word' id='word_1_162' title='bbox 844 2027 873 2090; x_wconf 88' lang='lat' dir='ltr'><strong>in</strong></span> <span class='ocrx_word' id='word_1_163' title='bbox 901 2042 1037 2092; x_wconf 83' lang='lat' dir='ltr'><strong>urentem</strong></span> <span class='ocrx_word' id='word_1_164' title='bbox 1060 2028 1315 2106; x_wconf 78' lang='lat' dir='ltr'><strong>feneratoribus,-</strong></span> 
     </span>
     <span class='ocr_line' id='line_1_19' title="bbox 45 2114 1313 2204; baseline 0.006 -25"><span class='ocrx_word' id='word_1_165' title='bbox 45 2114 126 2183; x_wconf 76' lang='lat' dir='ltr'><strong>ullu</strong></span> <span class='ocrx_word' id='word_1_166' title='bbox 142 2118 244 2185; x_wconf 86' lang='lat' dir='ltr'><strong>iuvare</strong></span> <span class='ocrx_word' id='word_1_167' title='bbox 270 2122 349 2185; x_wconf 83' lang='lat' dir='ltr'><strong>illud</strong></span> <span class='ocrx_word' id='word_1_168' title='bbox 371 2132 498 2185; x_wconf 85' lang='lat' dir='ltr'><strong>senatus</strong></span> <span class='ocrx_word' id='word_1_169' title='bbox 521 2123 701 2187; x_wconf 81' lang='lat' dir='ltr'><strong>consulturo</strong></span> <span class='ocrx_word' id='word_1_170' title='bbox 730 2125 784 2204; x_wconf 91' lang='lat' dir='ltr'><strong>(ut</strong></span> <span class='ocrx_word' id='word_1_171' title='bbox 813 2144 908 2186; x_wconf 88' lang='lat' dir='ltr'><strong>neve</strong></span> <span class='ocrx_word' id='word_1_172' title='bbox 931 2121 1184 2197; x_wconf 81' lang='lat' dir='ltr'><strong>Salaminiis,</strong></span> <span class='ocrx_word' id='word_1_173' title='bbox 1211 2144 1313 2187; x_wconf 82' lang='lat' dir='ltr'><strong>neve</strong></span> 
     </span>
     <span class='ocr_line' id='line_1_20' title="bbox 45 2209 1312 2301; baseline 0.004 -26"><span class='ocrx_word' id='word_1_174' title='bbox 45 2209 84 2289; x_wconf 70' lang='lat' dir='ltr'><strong>toi</strong></span> <span class='ocrx_word' id='word_1_175' title='bbox 101 2213 139 2276; x_wconf 87' lang='lat' dir='ltr'><strong>eis</strong></span> <span class='ocrx_word' id='word_1_176' title='bbox 162 2215 351 2293; x_wconf 80' lang='lat' dir='ltr'><strong>dedisset,</strong></span> <span class='ocrx_word' id='word_1_177' title='bbox 380 2215 518 2280; x_wconf 75' lang='lat' dir='ltr'><strong>ferrioli</strong></span> <span class='ocrx_word' id='word_1_178' title='bbox 541 2219 676 2293; x_wconf 87' lang='lat' dir='ltr'><strong>esset),</strong></span> <span class='ocrx_word' id='word_1_179' title='bbox 710 2219 796 2301; x_wconf 82' lang='lat' dir='ltr'><strong>qororl</strong></span> <span class='ocrx_word' id='word_1_180' title='bbox 819 2239 859 2281; x_wconf 83' lang='lat' dir='ltr'><strong>ex</strong></span> <span class='ocrx_word' id='word_1_181' title='bbox 886 2218 1070 2298; x_wconf 72' lang='lat' dir='ltr'><strong>syngrapha</strong></span> <span class='ocrx_word' id='word_1_182' title='bbox 1099 2217 1146 2279; x_wconf 90' lang='lat' dir='ltr'><strong>ius</strong></span> <span class='ocrx_word' id='word_1_183' title='bbox 1172 2218 1233 2279; x_wconf 86' lang='lat' dir='ltr'><strong>diri</strong></span> <span class='ocrx_word' id='word_1_184' title='bbox 1261 2217 1312 2280; x_wconf 87' lang='lat' dir='ltr'><strong>lex</strong></span> 
     </span>
     <span class='ocr_line' id='line_1_21' title="bbox 45 2304 1310 2391; baseline 0.004 -21"><span class='ocrx_word' id='word_1_185' title='bbox 45 2304 137 2370; x_wconf 64' lang='lat' dir='ltr'><strong>Gffloia</strong></span> <span class='ocrx_word' id='word_1_186' title='bbox 162 2310 316 2375; x_wconf 80' lang='lat' dir='ltr'><strong>vetaret.&#39;’</strong></span> <span class='ocrx_word' id='word_1_187' title='bbox 360 2314 400 2374; x_wconf 78' lang='lat' dir='ltr'><strong>eol</strong></span> <span class='ocrx_word' id='word_1_188' title='bbox 424 2315 493 2375; x_wconf 84' lang='lat' dir='ltr'><strong>Att.</strong></span> <span class='ocrx_word' id='word_1_189' title='bbox 519 2312 565 2376; x_wconf 87' lang='lat' dir='ltr'><strong>V.</strong></span> <span class='ocrx_word' id='word_1_190' title='bbox 588 2312 645 2385; x_wconf 77' lang='lat'><strong>21,</strong></span> <span class='ocrx_word' id='word_1_191' title='bbox 674 2311 723 2377; x_wconf 79' lang='lat' dir='ltr'><strong>tt.</strong></span> <span class='ocrx_word' id='word_1_192' title='bbox 752 2342 794 2355; x_wconf 91' lang='lat'><em>-</em></span> <span class='ocrx_word' id='word_1_193' title='bbox 831 2311 955 2391; x_wconf 84' lang='lat' dir='ltr'><strong>„Quod</strong></span> <span class='ocrx_word' id='word_1_194' title='bbox 980 2312 1310 2375; x_wconf 75' lang='lat' dir='ltr'><strong>senatusconsultum</strong></span> 
     </span>
     <span class='ocr_line' id='line_1_22' title="bbox 43 2400 1309 2490; baseline 0.006 -31"><span class='ocrx_word' id='word_1_195' title='bbox 43 2404 214 2483; x_wconf 79' lang='lat' dir='ltr'><strong>ooelioebat,</strong></span> <span class='ocrx_word' id='word_1_196' title='bbox 242 2400 280 2469; x_wconf 68' lang='lat' dir='ltr'><strong>&#39;ut</strong></span> <span class='ocrx_word' id='word_1_197' title='bbox 305 2404 354 2468; x_wconf 85' lang='lat' dir='ltr'><strong>ius</strong></span> <span class='ocrx_word' id='word_1_198' title='bbox 381 2426 422 2469; x_wconf 85' lang='lat' dir='ltr'><strong>ex</strong></span> <span class='ocrx_word' id='word_1_199' title='bbox 444 2407 628 2490; x_wconf 77' lang='lat' dir='ltr'><strong>syngrapha</strong></span> <span class='ocrx_word' id='word_1_200' title='bbox 655 2404 835 2479; x_wconf 84' lang='lat' dir='ltr'><strong>diceretur,</strong></span> <span class='ocrx_word' id='word_1_201' title='bbox 868 2426 907 2468; x_wconf 86' lang='lat' dir='ltr'><strong>eo</strong></span> <span class='ocrx_word' id='word_1_202' title='bbox 937 2405 1073 2470; x_wconf 81' lang='lat' dir='ltr'><strong>consilio</strong></span> <span class='ocrx_word' id='word_1_203' title='bbox 1100 2406 1217 2468; x_wconf 75' lang='lat' dir='ltr'><strong>lectrum</strong></span> <span class='ocrx_word' id='word_1_204' title='bbox 1248 2417 1309 2481; x_wconf 88' lang='lat' dir='ltr'><strong>est,</strong></span> 
     </span>
     <span class='ocr_line' id='line_1_23' title="bbox 39 2494 1312 2584; baseline 0.005 -27"><span class='ocrx_word' id='word_1_205' title='bbox 39 2494 94 2571; x_wconf 81' lang='lat' dir='ltr'><strong>pol</strong></span> <span class='ocrx_word' id='word_1_206' title='bbox 107 2499 251 2578; x_wconf 86' lang='lat' dir='ltr'><strong>pecuniam</strong></span> <span class='ocrx_word' id='word_1_207' title='bbox 269 2499 431 2563; x_wconf 78' lang='lat' dir='ltr'><strong>Salaminii</strong></span> <span class='ocrx_word' id='word_1_208' title='bbox 455 2514 565 2564; x_wconf 82' lang='lat' dir='ltr'><strong>contra</strong></span> <span class='ocrx_word' id='word_1_209' title='bbox 586 2501 690 2584; x_wconf 80' lang='lat' dir='ltr'><strong>legem</strong></span> <span class='ocrx_word' id='word_1_210' title='bbox 706 2498 890 2565; x_wconf 83' lang='lat' dir='ltr'><strong>Gabiniam</strong></span> <span class='ocrx_word' id='word_1_211' title='bbox 912 2511 1122 2579; x_wconf 80' lang='lat' dir='ltr'><strong>sororopseraot.</strong></span> <span class='ocrx_word' id='word_1_212' title='bbox 1170 2500 1312 2565; x_wconf 82' lang='lat' dir='ltr'><strong>Vetnbat</strong></span> 
     </span>
     <span class='ocr_line' id='line_1_24' title="bbox 39 2580 1312 2679; baseline 0.011 -36"><span class='ocrx_word' id='word_1_213' title='bbox 39 2597 105 2648; x_wconf 85' lang='lat' dir='ltr'><strong>auten</strong></span> <span class='ocrx_word' id='word_1_214' title='bbox 122 2594 189 2657; x_wconf 76' lang='lat' dir='ltr'><strong>Auli</strong></span> <span class='ocrx_word' id='word_1_215' title='bbox 211 2596 264 2659; x_wconf 82' lang='lat' dir='ltr'><strong>lex</strong></span> <span class='ocrx_word' id='word_1_216' title='bbox 287 2595 337 2657; x_wconf 86' lang='lat' dir='ltr'><strong>ius</strong></span> <span class='ocrx_word' id='word_1_217' title='bbox 359 2592 421 2657; x_wconf 84' lang='lat' dir='ltr'><strong>dici</strong></span> <span class='ocrx_word' id='word_1_218' title='bbox 443 2597 482 2659; x_wconf 86' lang='lat' dir='ltr'><strong>ole</strong></span> <span class='ocrx_word' id='word_1_219' title='bbox 504 2596 546 2656; x_wconf 82' lang='lat' dir='ltr'><strong>ita</strong></span> <span class='ocrx_word' id='word_1_220' title='bbox 568 2606 692 2676; x_wconf 78' lang='lat' dir='ltr'><strong>suompte</strong></span> <span class='ocrx_word' id='word_1_221' title='bbox 718 2580 866 2676; x_wconf 61' lang='lat' dir='ltr'><strong>peccunia.</strong></span> <span class='ocrx_word' id='word_1_222' title='bbox 913 2592 1067 2658; x_wconf 84' lang='lat' dir='ltr'><strong>Decrevit</strong></span> <span class='ocrx_word' id='word_1_223' title='bbox 1095 2594 1194 2679; x_wconf 83' lang='lat' dir='ltr'><strong>igitur</strong></span> <span class='ocrx_word' id='word_1_224' title='bbox 1220 2614 1312 2657; x_wconf 86' lang='lat' dir='ltr'><strong>sena-</strong></span> 
     </span>
     <span class='ocr_line' id='line_1_25' title="bbox 40 2682 1408 2772; baseline 0.007 -31"><span class='ocrx_word' id='word_1_225' title='bbox 40 2686 120 2755; x_wconf 70' lang='lat' dir='ltr'><strong>tun</strong></span> <span class='ocrx_word' id='word_1_226' title='bbox 135 2686 175 2751; x_wconf 81' lang='lat' dir='ltr'><strong>ius</strong></span> <span class='ocrx_word' id='word_1_227' title='bbox 194 2689 359 2753; x_wconf 81' lang='lat' dir='ltr'><strong>diceretur</strong></span> <span class='ocrx_word' id='word_1_228' title='bbox 380 2687 437 2752; x_wconf 82' lang='lat' dir='ltr'><strong>ista</strong></span> <span class='ocrx_word' id='word_1_229' title='bbox 462 2688 679 2772; x_wconf 80' lang='lat' dir='ltr'><strong>syngrapha.&#39;’</strong></span> <span class='ocrx_word' id='word_1_230' title='bbox 711 2685 751 2751; x_wconf 80' lang='lat' dir='ltr'><strong>ed</strong></span> <span class='ocrx_word' id='word_1_231' title='bbox 774 2690 845 2752; x_wconf 88' lang='lat' dir='ltr'><strong>Att.</strong></span> <span class='ocrx_word' id='word_1_232' title='bbox 871 2686 935 2752; x_wconf 89' lang='lat' dir='ltr'><strong>Vl.</strong></span> <span class='ocrx_word' id='word_1_233' title='bbox 961 2690 996 2764; x_wconf 72' lang='lat'><strong>2,</strong></span> <span class='ocrx_word' id='word_1_234' title='bbox 1022 2692 1055 2754; x_wconf 87' lang='grc'><strong>7.</strong></span> <span class='ocrx_word' id='word_1_235' title='bbox 1404 2682 1408 2693; x_wconf 78' lang='grc'><strong>’</strong></span> 
     </span>
    </p>

    <p class='ocr_par' dir='ltr' id='par_1_10' title="bbox 95 2778 1386 2866">
     <span class='ocr_line' id='line_1_26' title="bbox 95 2778 1386 2866; baseline 0.004 -23"><span class='ocrx_word' id='word_1_236' title='bbox 95 2778 134 2843; x_wconf 74' lang='lat' dir='ltr'><strong>bot</strong></span> <span class='ocrx_word' id='word_1_237' title='bbox 149 2787 189 2847; x_wconf 85' lang='lat' dir='ltr'><strong>A.</strong></span> <span class='ocrx_word' id='word_1_238' title='bbox 212 2782 357 2849; x_wconf 82' lang='lat' dir='ltr'><strong>Gabinii</strong></span> <span class='ocrx_word' id='word_1_239' title='bbox 378 2782 497 2846; x_wconf 89' lang='lat' dir='ltr'><strong>tribuni</strong></span> <span class='ocrx_word' id='word_1_240' title='bbox 517 2784 621 2866; x_wconf 88' lang='lat' dir='ltr'><strong>plebis</strong></span> <span class='ocrx_word' id='word_1_241' title='bbox 644 2785 687 2861; x_wconf 87' lang='lat' dir='ltr'><strong>(a.</strong></span> <span class='ocrx_word' id='word_1_242' title='bbox 711 2805 745 2847; x_wconf 91' lang='grc' dir='ltr'><strong>ιι.</strong></span> <span class='ocrx_word' id='word_1_243' title='bbox 770 2782 858 2863; x_wconf 80' lang='lat'><strong>686.)</strong></span> <span class='ocrx_word' id='word_1_244' title='bbox 881 2782 963 2856; x_wconf 88' lang='lat' dir='ltr'><strong>eius,</strong></span> <span class='ocrx_word' id='word_1_245' title='bbox 986 2783 1041 2866; x_wconf 90' lang='lat' dir='ltr'><strong>qui</strong></span> <span class='ocrx_word' id='word_1_246' title='bbox 1064 2794 1175 2866; x_wconf 80' lang='lat' dir='ltr'><strong>posteo</strong></span> <span class='ocrx_word' id='word_1_247' title='bbox 1198 2783 1311 2848; x_wconf 76' lang='lat' dir='ltr'><strong>consor}</strong></span> <span class='ocrx_word' id='word_1_248' title='bbox 1381 2778 1386 2793; x_wconf 88' lang='grc'><em>’</em></span> 
     </span>
    </p>
   </div>
   <div class='ocr_carea' id='block_1_8' title="bbox 45 2864 1446 2967">
    <p class='ocr_par' dir='ltr' id='par_1_11' title="bbox 45 2864 1446 2967">
     <span class='ocr_line' id='line_1_27' title="bbox 45 2864 1446 2967; baseline 0.015 -43"><span class='ocrx_word' id='word_1_249' title='bbox 45 2872 260 2942; x_wconf 75' lang='lat' dir='ltr'><strong>mnbl&#39;ioone</strong></span> <span class='ocrx_word' id='word_1_250' title='bbox 283 2880 330 2959; x_wconf 89' lang='lat' dir='ltr'><strong>(a.</strong></span> <span class='ocrx_word' id='word_1_251' title='bbox 354 2899 387 2941; x_wconf 91' lang='grc' dir='ltr'><strong>ιι.</strong></span> <span class='ocrx_word' id='word_1_252' title='bbox 411 2874 498 2954; x_wconf 83' lang='grc'><strong>695.)</strong></span> <span class='ocrx_word' id='word_1_253' title='bbox 519 2877 597 2941; x_wconf 83' lang='lat' dir='ltr'><strong>luit:</strong></span> <span class='ocrx_word' id='word_1_254' title='bbox 623 2880 705 2942; x_wconf 80' lang='lat' dir='ltr'><strong>ornile</strong></span> <span class='ocrx_word' id='word_1_255' title='bbox 731 2877 824 2941; x_wconf 80' lang='lat' dir='ltr'><strong>etiam</strong></span> <span class='ocrx_word' id='word_1_256' title='bbox 848 2876 931 2942; x_wconf 78' lang='lat' dir='ltr'><strong>Anti</strong></span> <span class='ocrx_word' id='word_1_257' title='bbox 952 2879 1004 2941; x_wconf 85' lang='lat' dir='ltr'><strong>lex</strong></span> <span class='ocrx_word' id='word_1_258' title='bbox 1027 2877 1141 2941; x_wconf 84' lang='lat' dir='ltr'><strong>dicitur</strong></span> <span class='ocrx_word' id='word_1_259' title='bbox 1165 2882 1204 2943; x_wconf 89' lang='lat' dir='ltr'><strong>ad</strong></span> <span class='ocrx_word' id='word_1_260' title='bbox 1225 2879 1311 2943; x_wconf 78' lang='lat' dir='ltr'><strong>Arri·</strong></span> <span class='ocrx_word' id='word_1_261' title='bbox 1394 2954 1400 2967; x_wconf 74' lang='lat'><strong>.</strong></span> <span class='ocrx_word' id='word_1_262' title='bbox 1437 2864 1446 2897; x_wconf 33' lang='grc' dir='ltr'><strong>Χ</strong></span> 
     </span>
    </p>
   </div>
   <div class='ocr_carea' id='block_1_9' title="bbox 35 2962 1438 4195">
    <p class='ocr_par' dir='ltr' id='par_1_12' title="bbox 35 2962 1333 3820">
     <span class='ocr_line' id='line_1_28' title="bbox 42 2962 1311 3054; baseline 0.002 -21"><span class='ocrx_word' id='word_1_263' title='bbox 42 2978 86 3024; x_wconf 63' lang='lat'><strong>⁶⁸</strong></span> <span class='ocrx_word' id='word_1_264' title='bbox 100 2966 143 3034; x_wconf 77' lang='lat' dir='ltr'><strong>Vl.</strong></span> <span class='ocrx_word' id='word_1_265' title='bbox 162 2972 192 3040; x_wconf 78' lang='lat'><strong>2.</strong></span> <span class='ocrx_word' id='word_1_266' title='bbox 243 2974 296 3037; x_wconf 81' lang='lat' dir='ltr'><strong>En</strong></span> <span class='ocrx_word' id='word_1_267' title='bbox 319 2962 452 3034; x_wconf 72' lang='lat' dir='ltr'><strong>earrtrrrrl</strong></span> <span class='ocrx_word' id='word_1_268' title='bbox 465 2981 530 3046; x_wconf 87' lang='lat' dir='ltr'><strong>est,</strong></span> <span class='ocrx_word' id='word_1_269' title='bbox 552 2991 595 3034; x_wconf 82' lang='lat' dir='ltr'><strong>ne</strong></span> <span class='ocrx_word' id='word_1_270' title='bbox 613 2970 883 3054; x_wconf 81' lang='lat' dir='ltr'><strong>prouincialibus</strong></span> <span class='ocrx_word' id='word_1_271' title='bbox 904 2973 1021 3036; x_wconf 80' lang='lat' dir='ltr'><strong>liceret</strong></span> <span class='ocrx_word' id='word_1_272' title='bbox 1043 2976 1173 3038; x_wconf 82' lang='lat' dir='ltr'><strong>Romae</strong></span> <span class='ocrx_word' id='word_1_273' title='bbox 1196 2995 1311 3037; x_wconf 81' lang='lat' dir='ltr'><strong>versor-</strong></span> 
     </span>
     <span class='ocr_line' id='line_1_29' title="bbox 36 3060 1311 3152; baseline 0.005 -27"><span class='ocrx_word' id='word_1_274' title='bbox 36 3060 213 3151; x_wconf 70' lang='lat' dir='ltr'><strong>mttsoeere,</strong></span> <span class='ocrx_word' id='word_1_275' title='bbox 250 3070 285 3130; x_wconf 88' lang='lat' dir='ltr'><strong>b.</strong></span> <span class='ocrx_word' id='word_1_276' title='bbox 312 3087 342 3130; x_wconf 89' lang='lat' dir='ltr'><strong>e.</strong></span> <span class='ocrx_word' id='word_1_277' title='bbox 365 3064 531 3150; x_wconf 86' lang='lat' dir='ltr'><strong>pecuniam</strong></span> <span class='ocrx_word' id='word_1_278' title='bbox 561 3064 667 3131; x_wconf 85' lang='lat' dir='ltr'><strong>fenori</strong></span> <span class='ocrx_word' id='word_1_279' title='bbox 694 3088 839 3129; x_wconf 88' lang='lat' dir='ltr'><strong>sumere:</strong></span> <span class='ocrx_word' id='word_1_280' title='bbox 878 3070 966 3150; x_wconf 85' lang='lat' dir='ltr'><strong>quod</strong></span> <span class='ocrx_word' id='word_1_281' title='bbox 994 3066 1022 3131; x_wconf 91' lang='lat' dir='ltr'><strong>si</strong></span> <span class='ocrx_word' id='word_1_282' title='bbox 1052 3068 1122 3152; x_wconf 90' lang='lat' dir='ltr'><strong>quis</strong></span> <span class='ocrx_word' id='word_1_283' title='bbox 1145 3066 1311 3151; x_wconf 87' lang='lat' dir='ltr'><strong>pecuniam</strong></span> 
     </span>
     <span class='ocr_line' id='line_1_30' title="bbox 35 3158 1333 3245; baseline 0.007 -29"><span class='ocrx_word' id='word_1_284' title='bbox 35 3158 168 3231; x_wconf 67' lang='lat' dir='ltr'><strong>munciali</strong></span> <span class='ocrx_word' id='word_1_285' title='bbox 189 3164 348 3237; x_wconf 73' lang='lat' dir='ltr'><strong>dedisset,</strong></span> <span class='ocrx_word' id='word_1_286' title='bbox 388 3182 426 3224; x_wconf 89' lang='lat' dir='ltr'><strong>ne</strong></span> <span class='ocrx_word' id='word_1_287' title='bbox 454 3182 495 3225; x_wconf 84' lang='lat' dir='ltr'><strong>ex</strong></span> <span class='ocrx_word' id='word_1_288' title='bbox 526 3162 707 3245; x_wconf 84' lang='lat' dir='ltr'><strong>syngrapha</strong></span> <span class='ocrx_word' id='word_1_289' title='bbox 732 3159 800 3223; x_wconf 88' lang='lat' dir='ltr'><strong>eius</strong></span> <span class='ocrx_word' id='word_1_290' title='bbox 824 3161 873 3225; x_wconf 88' lang='lat' dir='ltr'><strong>rei</strong></span> <span class='ocrx_word' id='word_1_291' title='bbox 895 3184 989 3225; x_wconf 79' lang='lat' dir='ltr'><strong>carisa</strong></span> <span class='ocrx_word' id='word_1_292' title='bbox 1012 3162 1095 3226; x_wconf 79' lang='lat' dir='ltr'><strong>lecte</strong></span> <span class='ocrx_word' id='word_1_293' title='bbox 1120 3160 1169 3224; x_wconf 86' lang='lat' dir='ltr'><strong>ins</strong></span> <span class='ocrx_word' id='word_1_294' title='bbox 1198 3164 1333 3225; x_wconf 60' lang='lat' dir='ltr'><strong>redde.</strong></span> 
     </span>
     <span class='ocr_line' id='line_1_31' title="bbox 35 3250 1309 3340; baseline 0.007 -27"><span class='ocrx_word' id='word_1_295' title='bbox 35 3250 124 3313; x_wconf 70' lang='lat' dir='ltr'><strong>lelna</strong></span> <span class='ocrx_word' id='word_1_296' title='bbox 148 3254 382 3340; x_wconf 80' lang='lat' dir='ltr'><strong>magistratibus</strong></span> <span class='ocrx_word' id='word_1_297' title='bbox 412 3254 678 3337; x_wconf 78' lang='lat' dir='ltr'><strong>provincialibus.</strong></span> <span class='ocrx_word' id='word_1_298' title='bbox 722 3256 801 3319; x_wconf 88' lang='lat' dir='ltr'><strong>Hoc</strong></span> <span class='ocrx_word' id='word_1_299' title='bbox 829 3254 1003 3320; x_wconf 82' lang='lat' dir='ltr'><strong>clarissime</strong></span> <span class='ocrx_word' id='word_1_300' title='bbox 1030 3269 1163 3340; x_wconf 85' lang='lat' dir='ltr'><strong>apparet</strong></span> <span class='ocrx_word' id='word_1_301' title='bbox 1190 3279 1230 3320; x_wconf 80' lang='lat' dir='ltr'><strong>en</strong></span> <span class='ocrx_word' id='word_1_302' title='bbox 1255 3277 1309 3340; x_wconf 83' lang='lat' dir='ltr'><strong>ep.</strong></span> 
     </span>
     <span class='ocr_line' id='line_1_32' title="bbox 35 3338 1312 3435; baseline 0.004 -26"><span class='ocrx_word' id='word_1_303' title='bbox 35 3338 123 3409; x_wconf 72' lang='lat' dir='ltr'><strong>tllltt.</strong></span> <span class='ocrx_word' id='word_1_304' title='bbox 142 3349 183 3413; x_wconf 82' lang='lat' dir='ltr'><strong>V.</strong></span> <span class='ocrx_word' id='word_1_305' title='bbox 206 3351 259 3417; x_wconf 73' lang='lat'><strong>21.</strong></span> <span class='ocrx_word' id='word_1_306' title='bbox 281 3342 352 3426; x_wconf 83' lang='lat' dir='ltr'><strong>(ubi</strong></span> <span class='ocrx_word' id='word_1_307' title='bbox 374 3372 407 3414; x_wconf 82' lang='lat' dir='ltr'><strong>v.</strong></span> <span class='ocrx_word' id='word_1_308' title='bbox 432 3353 516 3430; x_wconf 87' lang='lat' dir='ltr'><strong>not.)</strong></span> <span class='ocrx_word' id='word_1_309' title='bbox 538 3362 569 3412; x_wconf 89' lang='lat' dir='ltr'><strong>et</strong></span> <span class='ocrx_word' id='word_1_310' title='bbox 592 3350 657 3413; x_wconf 90' lang='lat' dir='ltr'><strong>Vl.</strong></span> <span class='ocrx_word' id='word_1_311' title='bbox 684 3364 714 3414; x_wconf 88' lang='lat'><strong>1.</strong></span> <span class='ocrx_word' id='word_1_312' title='bbox 767 3349 876 3415; x_wconf 84' lang='lat' dir='ltr'><strong>Nihilo</strong></span> <span class='ocrx_word' id='word_1_313' title='bbox 899 3351 1001 3413; x_wconf 89' lang='lat' dir='ltr'><strong>minus</strong></span> <span class='ocrx_word' id='word_1_314' title='bbox 1024 3351 1055 3415; x_wconf 88' lang='lat' dir='ltr'><strong>in</strong></span> <span class='ocrx_word' id='word_1_315' title='bbox 1078 3354 1138 3414; x_wconf 86' lang='lat' dir='ltr'><strong>bae</strong></span> <span class='ocrx_word' id='word_1_316' title='bbox 1158 3350 1233 3435; x_wconf 81' lang='lat' dir='ltr'><strong>lege</strong></span> <span class='ocrx_word' id='word_1_317' title='bbox 1257 3373 1312 3414; x_wconf 86' lang='lat' dir='ltr'><strong>ex·</strong></span> 
     </span>
     <span class='ocr_line' id='line_1_33' title="bbox 35 3428 1309 3529; baseline 0.003 -22"><span class='ocrx_word' id='word_1_318' title='bbox 35 3428 128 3507; x_wconf 63' lang='lat' dir='ltr'><strong>nnio.</strong></span> <span class='ocrx_word' id='word_1_319' title='bbox 146 3445 318 3509; x_wconf 80' lang='lat' dir='ltr'><strong>doctissimi</strong></span> <span class='ocrx_word' id='word_1_320' title='bbox 343 3442 422 3520; x_wconf 85' lang='lat' dir='ltr'><strong>riri,</strong></span> <span class='ocrx_word' id='word_1_321' title='bbox 447 3445 488 3508; x_wconf 88' lang='lat' dir='ltr'><strong>P.</strong></span> <span class='ocrx_word' id='word_1_322' title='bbox 513 3443 701 3519; x_wconf 79' lang='lat' dir='ltr'><strong>Manutius,</strong></span> <span class='ocrx_word' id='word_1_323' title='bbox 726 3442 964 3509; x_wconf 58' lang='lat' dir='ltr'><strong>Iac..Cuiaeius</strong></span> <span class='ocrx_word' id='word_1_324' title='bbox 991 3446 1123 3529; x_wconf 73' lang='lat' dir='ltr'><strong>aliique,</strong></span> <span class='ocrx_word' id='word_1_325' title='bbox 1148 3456 1309 3511; x_wconf 84' lang='lat' dir='ltr'><strong>errarunt.</strong></span> 
     </span>
     <span class='ocr_line' id='line_1_34' title="bbox 36 3512 1309 3626; baseline 0.002 -26"><span class='ocrx_word' id='word_1_326' title='bbox 36 3518 97 3593; x_wconf 70' lang='lat' dir='ltr'><strong>nltf·</strong></span> <span class='ocrx_word' id='word_1_327' title='bbox 114 3534 424 3602; x_wconf 83' lang='lat' dir='ltr'><strong>Dissertatiunculaon</strong></span> <span class='ocrx_word' id='word_1_328' title='bbox 448 3549 590 3602; x_wconf 84' lang='lat' dir='ltr'><strong>nostram</strong></span> <span class='ocrx_word' id='word_1_329' title='bbox 613 3540 652 3601; x_wconf 90' lang='lat' dir='ltr'><strong>de</strong></span> <span class='ocrx_word' id='word_1_330' title='bbox 674 3537 942 3619; x_wconf 83' lang='lat' dir='ltr'><strong>negotiatoribus.</strong></span> <span class='ocrx_word' id='word_1_331' title='bbox 973 3540 1058 3604; x_wconf 81' lang='lat' dir='ltr'><strong>Euo.</strong></span> <span class='ocrx_word' id='word_1_332' title='bbox 1083 3512 1207 3604; x_wconf 69' lang='grc' dir='ltr'><strong>Ἢιιίιιι</strong></span> <span class='ocrx_word' id='word_1_333' title='bbox 1231 3541 1309 3626; x_wconf 80' lang='lat' dir='ltr'><strong>legis</strong></span> 
     </span>
     <span class='ocr_line' id='line_1_35' title="bbox 36 3630 1309 3719; baseline 0.005 -27"><span class='ocrx_word' id='word_1_334' title='bbox 36 3632 143 3692; x_wconf 65' lang='lat' dir='ltr'><strong>¹⁸⁸breio</strong></span> <span class='ocrx_word' id='word_1_335' title='bbox 161 3632 261 3698; x_wconf 83' lang='lat' dir='ltr'><strong>luisse</strong></span> <span class='ocrx_word' id='word_1_336' title='bbox 285 3632 416 3699; x_wconf 77' lang='lat' dir='ltr'><strong>Gabinii</strong></span> <span class='ocrx_word' id='word_1_337' title='bbox 442 3634 599 3719; x_wconf 84' lang='lat' dir='ltr'><strong>collegam</strong></span> <span class='ocrx_word' id='word_1_338' title='bbox 622 3630 655 3695; x_wconf 91' lang='lat' dir='ltr'><strong>in</strong></span> <span class='ocrx_word' id='word_1_339' title='bbox 680 3632 841 3696; x_wconf 82' lang='lat' dir='ltr'><strong>tribunatu</strong></span> <span class='ocrx_word' id='word_1_340' title='bbox 864 3635 903 3699; x_wconf 85' lang='lat' dir='ltr'><strong>C.</strong></span> <span class='ocrx_word' id='word_1_341' title='bbox 927 3635 1139 3712; x_wconf 82' lang='lat' dir='ltr'><strong>Cornelium,</strong></span> <span class='ocrx_word' id='word_1_342' title='bbox 1164 3639 1221 3699; x_wconf 86' lang='lat' dir='ltr'><strong>sed</strong></span> <span class='ocrx_word' id='word_1_343' title='bbox 1242 3656 1309 3699; x_wconf 83' lang='lat' dir='ltr'><strong>cam</strong></span> 
     </span>
     <span class='ocr_line' id='line_1_36' title="bbox 38 3725 1265 3820; baseline 0.003 -32"><span class='ocrx_word' id='word_1_344' title='bbox 38 3726 250 3820; x_wconf 60' lang='grc' dir='ltr'><strong>ΜΜιιΙίιιε,</strong></span> <span class='ocrx_word' id='word_1_345' title='bbox 276 3729 371 3793; x_wconf 87' lang='lat' dir='ltr'><strong>docet</strong></span> <span class='ocrx_word' id='word_1_346' title='bbox 394 3729 555 3793; x_wconf 77' lang='lat' dir='ltr'><strong>Asconius</strong></span> <span class='ocrx_word' id='word_1_347' title='bbox 576 3727 607 3792; x_wconf 89' lang='lat' dir='ltr'><strong>in</strong></span> <span class='ocrx_word' id='word_1_348' title='bbox 630 3739 819 3811; x_wconf 79' lang='lat' dir='ltr'><strong>orgnmento</strong></span> <span class='ocrx_word' id='word_1_349' title='bbox 842 3728 882 3790; x_wconf 84' lang='lat' dir='ltr'><strong>ad</strong></span> <span class='ocrx_word' id='word_1_350' title='bbox 898 3725 1122 3792; x_wconf 78' lang='lat' dir='ltr'><strong>cornelianam</strong></span> <span class='ocrx_word' id='word_1_351' title='bbox 1146 3751 1179 3811; x_wconf 93' lang='lat' dir='ltr'><strong>p.</strong></span> <span class='ocrx_word' id='word_1_352' title='bbox 1205 3729 1265 3793; x_wconf 80' lang='lat'><strong>56:</strong></span> 
     </span>
    </p>

    <p class='ocr_par' dir='ltr' id='par_1_13' title="bbox 37 3817 1438 4195">
     <span class='ocr_line' id='line_1_37' title="bbox 47 3817 1311 3909; baseline 0.002 -28"><span class='ocrx_word' id='word_1_353' title='bbox 47 3894 53 3909; x_wconf 33' lang='lat'>⁸</span> <span class='ocrx_word' id='word_1_354' title='bbox 87 3817 271 3893; x_wconf 81' lang='lat' dir='ltr'><strong>,Rettulerat</strong></span> <span class='ocrx_word' id='word_1_355' title='bbox 291 3826 488 3886; x_wconf 77' lang='lat' dir='ltr'><strong>adornatum</strong></span> <span class='ocrx_word' id='word_1_356' title='bbox 512 3821 568 3903; x_wconf 85' lang='lat' dir='ltr'><strong>(C.</strong></span> <span class='ocrx_word' id='word_1_357' title='bbox 595 3821 780 3901; x_wconf 82' lang='lat' dir='ltr'><strong>Cornelius)</strong></span> <span class='ocrx_word' id='word_1_358' title='bbox 803 3833 853 3899; x_wconf 89' lang='lat' dir='ltr'><strong>ut,</strong></span> <span class='ocrx_word' id='word_1_359' title='bbox 878 3822 1026 3908; x_wconf 87' lang='lat' dir='ltr'><strong>quoniam</strong></span> <span class='ocrx_word' id='word_1_360' title='bbox 1050 3837 1230 3886; x_wconf 77' lang='lat' dir='ltr'><strong>exterarum</strong></span> <span class='ocrx_word' id='word_1_361' title='bbox 1255 3841 1311 3883; x_wconf 80' lang='lat' dir='ltr'><strong>nn·</strong></span> 
     </span>
     <span class='ocr_line' id='line_1_38' title="bbox 37 3904 1310 4002; baseline 0.003 -30"><span class='ocrx_word' id='word_1_362' title='bbox 37 3904 110 3972; x_wconf 62' lang='lat' dir='ltr'>¹¹⁰¹ss</span> <span class='ocrx_word' id='word_1_363' title='bbox 127 3914 236 4000; x_wconf 75' lang='lat' dir='ltr'><strong>legatis</strong></span> <span class='ocrx_word' id='word_1_364' title='bbox 266 3915 399 4002; x_wconf 85' lang='lat' dir='ltr'><strong>pecunia</strong></span> <span class='ocrx_word' id='word_1_365' title='bbox 427 3938 544 3999; x_wconf 71' lang='lat' dir='ltr'><strong>inagna</strong></span> <span class='ocrx_word' id='word_1_366' title='bbox 573 3919 702 3980; x_wconf 86' lang='lat' dir='ltr'><strong>daretur</strong></span> <span class='ocrx_word' id='word_1_367' title='bbox 729 3937 844 3992; x_wconf 86' lang='lat' dir='ltr'><strong>usorra,</strong></span> <span class='ocrx_word' id='word_1_368' title='bbox 879 3918 1049 4002; x_wconf 84' lang='lat' dir='ltr'><strong>turpiaque</strong></span> <span class='ocrx_word' id='word_1_369' title='bbox 1072 3928 1104 3981; x_wconf 87' lang='lat' dir='ltr'><strong>et</strong></span> <span class='ocrx_word' id='word_1_370' title='bbox 1120 3915 1241 3979; x_wconf 82' lang='lat' dir='ltr'><strong>lemoso</strong></span> <span class='ocrx_word' id='word_1_371' title='bbox 1269 3937 1310 3977; x_wconf 83' lang='lat' dir='ltr'><strong>ex</strong></span> 
     </span>
     <span class='ocr_line' id='line_1_39' title="bbox 37 3997 1438 4098; baseline 0.004 -30"><span class='ocrx_word' id='word_1_372' title='bbox 37 4009 61 4054; x_wconf 72' lang='lat'><strong>²⁰</strong></span> <span class='ocrx_word' id='word_1_373' title='bbox 74 3997 134 4069; x_wconf 74' lang='lat' dir='ltr'><strong>lm</strong></span> <span class='ocrx_word' id='word_1_374' title='bbox 155 4010 283 4087; x_wconf 84' lang='lat' dir='ltr'><strong>fierent,</strong></span> <span class='ocrx_word' id='word_1_375' title='bbox 307 4033 350 4075; x_wconf 84' lang='lat' dir='ltr'><strong>ne</strong></span> <span class='ocrx_word' id='word_1_376' title='bbox 372 4011 450 4098; x_wconf 79' lang='lat' dir='ltr'><strong>puis</strong></span> <span class='ocrx_word' id='word_1_377' title='bbox 471 4011 597 4096; x_wconf 81' lang='lat' dir='ltr'><strong>legatis</strong></span> <span class='ocrx_word' id='word_1_378' title='bbox 618 4023 823 4076; x_wconf 67' lang='lat' dir='ltr'><strong>exterarum</strong></span> <span class='ocrx_word' id='word_1_379' title='bbox 844 4010 1024 4074; x_wconf 81' lang='lat' dir='ltr'><strong>nationum</strong></span> <span class='ocrx_word' id='word_1_380' title='bbox 1043 4010 1225 4094; x_wconf 80' lang='lat' dir='ltr'><strong>pecuniam</strong></span> <span class='ocrx_word' id='word_1_381' title='bbox 1246 4033 1310 4074; x_wconf 84' lang='lat' dir='ltr'><strong>ear-</strong></span> <span class='ocrx_word' id='word_1_382' title='bbox 1436 4026 1438 4032; x_wconf 69' lang='grc'><strong>“</strong></span> 
     </span>
     <span class='ocr_line' id='line_1_40' title="bbox 37 4094 1306 4195; baseline -0.001 -27"><span class='ocrx_word' id='word_1_383' title='bbox 37 4100 126 4163; x_wconf 68' lang='lat' dir='ltr'><strong>&#39;‘ltssm</strong></span> <span class='ocrx_word' id='word_1_384' title='bbox 140 4102 277 4195; x_wconf 83' lang='lat' dir='ltr'><strong>ferret.</strong></span> <span class='ocrx_word' id='word_1_385' title='bbox 307 4140 349 4153; x_wconf 90' lang='lat'><em>-</em></span> <span class='ocrx_word' id='word_1_386' title='bbox 382 4105 484 4171; x_wconf 89' lang='lat' dir='ltr'><strong>Cuius</strong></span> <span class='ocrx_word' id='word_1_387' title='bbox 513 4105 698 4170; x_wconf 77' lang='lat' dir='ltr'><strong>relationem</strong></span> <span class='ocrx_word' id='word_1_388' title='bbox 731 4104 912 4188; x_wconf 79' lang='lat' dir='ltr'><strong>repudiarit</strong></span> <span class='ocrx_word' id='word_1_389' title='bbox 937 4117 1064 4167; x_wconf 85' lang='lat' dir='ltr'><strong>senatus</strong></span> <span class='ocrx_word' id='word_1_390' title='bbox 1091 4115 1121 4167; x_wconf 94' lang='lat' dir='ltr'><strong>et</strong></span> <span class='ocrx_word' id='word_1_391' title='bbox 1150 4094 1306 4178; x_wconf 82' lang='lat' dir='ltr'><strong>decrevit,</strong></span> 
     </span>
    </p>
   </div>
   <div class='ocr_carea' id='block_1_10' title="bbox 37 4184 1447 4289">
    <p class='ocr_par' dir='ltr' id='par_1_14' title="bbox 37 4184 1447 4289">
     <span class='ocr_line' id='line_1_41' title="bbox 37 4184 1447 4289; baseline 0.013 -38"><span class='ocrx_word' id='word_1_392' title='bbox 37 4184 197 4262; x_wconf 75' lang='lat' dir='ltr'><strong>otbtuuuu</strong></span> <span class='ocrx_word' id='word_1_393' title='bbox 226 4200 330 4264; x_wconf 79' lang='lat' dir='ltr'><strong>videri</strong></span> <span class='ocrx_word' id='word_1_394' title='bbox 358 4221 397 4264; x_wconf 90' lang='lat' dir='ltr'><strong>eo</strong></span> <span class='ocrx_word' id='word_1_395' title='bbox 428 4200 748 4275; x_wconf 75' lang='lat' dir='ltr'><strong>senatusconsulto,</strong></span> <span class='ocrx_word' id='word_1_396' title='bbox 786 4202 872 4285; x_wconf 82' lang='lat' dir='ltr'><strong>quod</strong></span> <span class='ocrx_word' id='word_1_397' title='bbox 899 4211 970 4263; x_wconf 85' lang='lat' dir='ltr'><strong>ante</strong></span> <span class='ocrx_word' id='word_1_398' title='bbox 996 4220 1096 4263; x_wconf 86' lang='lat' dir='ltr'><strong>annos</strong></span> <span class='ocrx_word' id='word_1_399' title='bbox 1128 4198 1311 4283; x_wconf 86' lang='lat' dir='ltr'><strong>[XXVll.]</strong></span> <span class='ocrx_word' id='word_1_400' title='bbox 1434 4262 1447 4289; x_wconf 74' lang='lat'>‚</span> 
     </span>
    </p>
   </div>
   <div class='ocr_carea' id='block_1_11' title="bbox 38 4281 1310 4474">
    <p class='ocr_par' dir='ltr' id='par_1_15' title="bbox 38 4281 1310 4474">
     <span class='ocr_line' id='line_1_42' title="bbox 38 4281 1309 4376; baseline 0.002 -22"><span class='ocrx_word' id='word_1_401' title='bbox 38 4313 55 4339; x_wconf 74' lang='lat'><strong>⁶·</strong></span> <span class='ocrx_word' id='word_1_402' title='bbox 75 4281 200 4357; x_wconf 78' lang='lat' dir='ltr'><strong>Domitio</strong></span> <span class='ocrx_word' id='word_1_403' title='bbox 228 4293 271 4362; x_wconf 90' lang='lat' dir='ltr'><strong>C.</strong></span> <span class='ocrx_word' id='word_1_404' title='bbox 305 4294 419 4360; x_wconf 83' lang='lat' dir='ltr'><strong>Coelio</strong></span> <span class='ocrx_word' id='word_1_405' title='bbox 449 4316 534 4361; x_wconf 85' lang='lat' dir='ltr'><strong>coss.</strong></span> <span class='ocrx_word' id='word_1_406' title='bbox 569 4297 614 4376; x_wconf 89' lang='lat' dir='ltr'><strong>(a.</strong></span> <span class='ocrx_word' id='word_1_407' title='bbox 638 4317 671 4359; x_wconf 93' lang='grc' dir='ltr'><strong>ιι.</strong></span> <span class='ocrx_word' id='word_1_408' title='bbox 695 4296 784 4372; x_wconf 74' lang='grc'><strong>669.)</strong></span> <span class='ocrx_word' id='word_1_409' title='bbox 814 4296 932 4359; x_wconf 79' lang='lat' dir='ltr'><strong>lartum</strong></span> <span class='ocrx_word' id='word_1_410' title='bbox 963 4304 1048 4369; x_wconf 75' lang='lat' dir='ltr'><strong>eret,</strong></span> <span class='ocrx_word' id='word_1_411' title='bbox 1082 4315 1152 4356; x_wconf 87' lang='lat' dir='ltr'><strong>eum</strong></span> <span class='ocrx_word' id='word_1_412' title='bbox 1181 4306 1309 4357; x_wconf 82' lang='lat' dir='ltr'><strong>semotus</strong></span> 
     </span>
     <span class='ocr_line' id='line_1_43' title="bbox 38 4383 1310 4474; baseline 0.002 -26"><span class='ocrx_word' id='word_1_413' title='bbox 38 4383 73 4435; x_wconf 72' lang='lat'><strong>¹¹0</strong></span> <span class='ocrx_word' id='word_1_414' title='bbox 89 4387 224 4460; x_wconf 73' lang='lat' dir='ltr'><strong>oouutns</strong></span> <span class='ocrx_word' id='word_1_415' title='bbox 246 4410 347 4455; x_wconf 77' lang='lat' dir='ltr'><strong>nonos</strong></span> <span class='ocrx_word' id='word_1_416' title='bbox 368 4390 426 4453; x_wconf 91' lang='lat' dir='ltr'><strong>illo</strong></span> <span class='ocrx_word' id='word_1_417' title='bbox 449 4402 577 4453; x_wconf 88' lang='lat' dir='ltr'><strong>senatus</strong></span> <span class='ocrx_word' id='word_1_418' title='bbox 600 4390 749 4454; x_wconf 85' lang='lat' dir='ltr'><strong>consulto</strong></span> <span class='ocrx_word' id='word_1_419' title='bbox 773 4389 985 4467; x_wconf 81' lang='lat' dir='ltr'><strong>decrevisset,</strong></span> <span class='ocrx_word' id='word_1_420' title='bbox 1016 4409 1055 4453; x_wconf 89' lang='lat' dir='ltr'><strong>ne</strong></span> <span class='ocrx_word' id='word_1_421' title='bbox 1079 4387 1148 4474; x_wconf 83' lang='lat' dir='ltr'><strong>quis</strong></span> <span class='ocrx_word' id='word_1_422' title='bbox 1172 4387 1310 4455; x_wconf 88' lang='lat' dir='ltr'><strong>Creten·</strong></span> 
     </span>
    </p>
   </div>
   <div class='ocr_carea' id='block_1_12' title="bbox 38 4462 564 4584">
    <p class='ocr_par' dir='ltr' id='par_1_16' title="bbox 38 4462 564 4584">
     <span class='ocr_line' id='line_1_44' title="bbox 38 4462 564 4584; baseline 0.011 -43"><span class='ocrx_word' id='word_1_423' title='bbox 38 4462 86 4533; x_wconf 76' lang='lat' dir='ltr'><strong>bus</strong></span> <span class='ocrx_word' id='word_1_424' title='bbox 101 4483 254 4558; x_wconf 77' lang='lat' dir='ltr'><strong>pecuniam</strong></span> <span class='ocrx_word' id='word_1_425' title='bbox 277 4495 415 4584; x_wconf 82' lang='lat' dir='ltr'><strong>mutuam</strong></span> <span class='ocrx_word' id='word_1_426' title='bbox 440 4483 564 4549; x_wconf 82' lang='lat' dir='ltr'><strong>daret.”</strong></span> 
     </span>
    </p>
   </div>
   <div class='ocr_carea' id='block_1_13' title="bbox 39 4613 1338 4904">
    <p class='ocr_par' dir='ltr' id='par_1_17' title="bbox 39 4613 1338 4904">
     <span class='ocr_line' id='line_1_45' title="bbox 199 4613 973 4701; baseline -0.006 -18"><span class='ocrx_word' id='word_1_427' title='bbox 199 4658 204 4667; x_wconf 85' lang='lat'><em>-</em></span> <span class='ocrx_word' id='word_1_428' title='bbox 317 4616 467 4683; x_wconf 77' lang='lat' dir='ltr'><strong>Gonnum</strong></span> <span class='ocrx_word' id='word_1_429' title='bbox 488 4615 531 4681; x_wconf 79' lang='lat' dir='ltr'><strong>oie</strong></span> <span class='ocrx_word' id='word_1_430' title='bbox 552 4627 677 4680; x_wconf 76' lang='lat' dir='ltr'><strong>senatu</strong></span> <span class='ocrx_word' id='word_1_431' title='bbox 696 4615 823 4701; x_wconf 74' lang='lat' dir='ltr'><strong>legatio</strong></span> <span class='ocrx_word' id='word_1_432' title='bbox 844 4613 973 4679; x_wconf 77' lang='lat' dir='ltr'><strong>dando.</strong></span> 
     </span>
     <span class='ocr_line' id='line_1_46' title="bbox 86 4706 1308 4805; baseline 0.004 -29"><span class='ocrx_word' id='word_1_433' title='bbox 86 4706 314 4786; x_wconf 65' lang='lat' dir='ltr'><strong>,coniolo-tinio</strong></span> <span class='ocrx_word' id='word_1_434' title='bbox 337 4721 467 4793; x_wconf 78' lang='lat' dir='ltr'><strong>(liebus,</strong></span> <span class='ocrx_word' id='word_1_435' title='bbox 498 4719 554 4805; x_wconf 87' lang='lat' dir='ltr'><strong>qui</strong></span> <span class='ocrx_word' id='word_1_436' title='bbox 578 4717 753 4799; x_wconf 75' lang='lat' dir='ltr'><strong>Quirinalia</strong></span> <span class='ocrx_word' id='word_1_437' title='bbox 777 4730 972 4800; x_wconf 86' lang='lat' dir='ltr'><strong>sequuntur,</strong></span> <span class='ocrx_word' id='word_1_438' title='bbox 996 4714 1123 4800; x_wconf 80' lang='lat' dir='ltr'><strong>Appius</strong></span> <span class='ocrx_word' id='word_1_439' title='bbox 1148 4717 1308 4799; x_wconf 86' lang='lat' dir='ltr'><strong>interpre-</strong></span> 
     </span>
     <span class='ocr_line' id='line_1_47' title="bbox 39 4800 1338 4904; baseline -0.002 -29"><span class='ocrx_word' id='word_1_440' title='bbox 39 4800 103 4875; x_wconf 52' lang='grc' dir='ltr'><strong>’Νι</strong></span> <span class='ocrx_word' id='word_1_441' title='bbox 128 4810 354 4896; x_wconf 69' lang='lat' dir='ltr'><strong>insinnetur</strong></span> <span class='ocrx_word' id='word_1_442' title='bbox 383 4835 418 4879; x_wconf 84' lang='lat' dir='ltr'><strong>oe</strong></span> <span class='ocrx_word' id='word_1_443' title='bbox 448 4814 522 4899; x_wconf 76' lang='lat' dir='ltr'><strong>lege</strong></span> <span class='ocrx_word' id='word_1_444' title='bbox 549 4812 670 4896; x_wconf 83' lang='lat' dir='ltr'><strong>Pupia,</strong></span> <span class='ocrx_word' id='word_1_445' title='bbox 706 4833 772 4896; x_wconf 86' lang='lat' dir='ltr'><strong>qno</strong></span> <span class='ocrx_word' id='word_1_446' title='bbox 801 4810 903 4875; x_wconf 83' lang='lat' dir='ltr'><strong>minus</strong></span> <span class='ocrx_word' id='word_1_447' title='bbox 929 4812 1043 4876; x_wconf 80' lang='lat' dir='ltr'><strong>babent</strong></span> <span class='ocrx_word' id='word_1_448' title='bbox 1067 4823 1225 4885; x_wconf 86' lang='lat' dir='ltr'><strong>senatum,</strong></span> <span class='ocrx_word' id='word_1_449' title='bbox 1255 4820 1306 4884; x_wconf 84' lang='lat' dir='ltr'><strong>et,</strong></span> <span class='ocrx_word' id='word_1_450' title='bbox 1336 4899 1338 4904; x_wconf 88' lang='lat'><strong>.</strong></span> 
     </span>
    </p>
   </div>
   <div class='ocr_carea' id='block_1_14' title="bbox 0 0 1618 5572">
    <p class='ocr_par' dir='ltr' id='par_1_18' title="bbox 0 0 1618 5572">
     <span class='ocr_line' id='line_1_48' title="bbox 0 0 1618 5572; baseline 0 0"><span class='ocrx_word' id='word_1_451' title='bbox 0 0 1618 5572; x_wconf 95' lang='lat' dir='ltr'><strong> </strong></span> 
     </span>
    </p>
   </div>
  </div>
 </body>
</html>
