3328 5576
315 378 358 445 11
900 374 1053 441 ῙΝΠΕΧ

315 531 446 586 cnsante
475 517 594 604 aliquid
620 515 765 581 accidat:
801 502 859 582 nec
880 519 1020 600 despero
1048 534 1116 581 rent
1138 526 1171 582 et
1191 517 1333 583 siccine
1355 528 1388 584 et
1409 521 1553 587 nonnihil
1585 532 1653 608 pel·

315 636 365 679 rue
387 613 504 679 confici
525 611 663 696 poste.''
708 614 749 676 ad
770 611 813 694 Q.
838 612 885 675 fr.
908 613 975 677 ltt.
999 614 1037 690 1,
1062 612 1095 677 1.
1120 644 1162 657 ·-
1212 613 1346 694 „Quare
1368 615 1446 679 nihil
1475 617 1533 682 tihi
1561 640 1654 701 opus

315 720 365 775 est
386 709 497 774 illuda
522 709 669 784 Trabea,
693 709 750 770 sed
771 705 882 789 potius
903 707 1095 792 ἀπότευγμα
1116 707 1264 771 uncum.”
1314 710 1354 771 ad
1375 709 1468 776 Fara.
1489 711 1557 775 lx.
1584 714 1651 791 11,

315 808 412 869 1.-
462 802 552 885 „Uni
579 800 661 865 enirn
689 812 866 886 ἐπίτευγμα
888 822 1035 886 maguum
1058 802 1273 891 uulltuulicri
1294 802 1417 885 possit,
1450 806 1653 892 ἀπότευγμα

314 899 368 964 vel
383 918 447 963 nun
463 916 611 975 maguum
626 895 795 961 molestum
809 896 952 963 futurum
968 896 1027 973 sit,
1051 895 1129 980 quid
1141 914 1224 980 cpns
1240 908 1287 961 est
1302 900 1654 987 παρακινδυνεύειν1”

314 995 354 1058 ad
375 996 449 1059 Att.
472 990 578 1056 xllr.
601 991 663 1068 27,
690 996 721 1054 1.
1495 992 1501 1007 ²

395 1086 611 1170 ’Δποτόμως,
650 1085 826 1169 praecise,
860 1086 1000 1161 acerbe,
1031 1106 1166 1171 nupsere.
1223 1087 1401 1153 Vectleuna
1444 1088 1652 1174 ,ἀποτόμως

314 1185 354 1247 ad
376 1204 427 1246 ure
448 1181 621 1263 scripserat
643 1182 681 1243 de
704 1180 837 1244 nutnmis
859 1179 1051 1244 curandis.”
1104 1183 1145 1244 ad
1169 1183 1240 1246 Au.
1263 1183 1311 1245 X.
1337 1186 1395 1260 11,
1427 1186 1526 1249 5.-
1580 1185 1652 1250 Du·

314 1290 400 1341 ctum
423 1286 472 1340 est
494 1295 512 1337 a
535 1273 681 1351 medicis,
706 1274 762 1358 qui
783 1287 892 1340 secant
913 1286 946 1341 et
966 1287 1081 1353 urnut,
1111 1286 1144 1340 et
1166 1277 1333 1361 ἀποτάμοι
1354 1277 1517 1343 dicuntur.
1563 1279 1647 1345 via.

315 1371 465 1455 Cuperue
488 1370 587 1436 Obss.
611 1370 660 1434 11.
685 1373 738 1433 17.
762 1372 847 1434 Eun.

396 1464 627 1552 Ἀπότριψαι,
647 1464 853 1549 abstergito.
898 1464 1109 1551 „Aliquando
1131 1465 1324 1553 ἀπότριψαι
1345 1478 1530 1550 quartanam
1554 1468 1647 1534 istam

284 1604 289 1611 ·
315 1561 497 1647 diligentia,
522 1558 657 1644 quaein
679 1569 712 1621 te
734 1561 967 1625 summaest.''
1012 1563 1051 1625 ad
1075 1563 1148 1625 An.
1173 1560 1258 1624 Vll.
1282 1562 1321 1638 5,
1346 1562 1378 1625 5.

395 1653 639 1737 Ἀποφατικό,
675 1654 854 1737 negantia.
910 1656 1018 1737 „Sunt
1047 1654 1141 1718 etiarn
1164 1654 1216 1717 illa
1240 1654 1333 1717 valde
1355 1655 1538 1733 contraria,
1564 1666 1647 1742 quae

315 1750 516 1833 appellantur
538 1747 699 1832 negantia.
740 1749 789 1812 Ea
811 1750 1011 1831 ducenteno}
1033 1750 1171 1826 Graeci,
1195 1749 1358 1813 contraria
1380 1752 1535 1815 aientibus
1560 1754 1645 1835 (τοῖς

315 1845 593 1926 καταφατικοῐς),
619 1852 677 1906 ute
702 1842 822 1907 since
844 1855 911 1917 est,
934 1844 1013 1906 illud
1035 1860 1101 1907 uun
1124 1843 1209 1908 cst.''
1232 1845 1319 1925 Top.
1341 1845 1474 1922 11,19.

396 1941 684 2021 Ἀποφθέγματα,
710 1948 809 2000 acute
828 1950 882 2000 aiut
892 1936 1022 2030 fucate
1044 1938 1149 2002 dicto.
1196 1937 1334 2014 ,Atidio
1355 1937 1548 2016 Caesarem,
1576 1962 1642 2004 curn

315 2033 477 2099 volumina
500 2031 563 2096 inm
584 2030 760 2095 coniecerit
781 2032 1070 2117 ἀποφθεγμάτων,
1095 2032 1122 2096 si
1144 2036 1232 2118 qrtnd
1254 2034 1409 2098 afferatur
1432 2037 1470 2098 ad
1492 2054 1642 2117 cumpro

315 2149 406 2205 meo,
431 2130 519 2212 quod
542 2147 645 2189 meum
667 2125 815 2200 nonsit,
839 2125 1143 2191 reiicercsolere.'’
1186 2130 1228 2192 ad
1249 2126 1341 2195 Fam.
1365 2129 1431 2193 tx.
1456 2129 1515 2206 11,
1549 2131 1644 2193 1.-

316 2222 449 2307 „Multa
473 2221 645 2284 multorum
668 2219 774 2284 lucete
796 2220 899 2295 dicta,
937 2232 972 2284 nt
1001 2241 1056 2297 ea,
1091 2242 1173 2304 qnae
1203 2243 1221 2286 a
1248 2244 1323 2287 seue
1353 2222 1482 2289 Catone
1510 2224 1642 2288 collecta

315 2327 408 2391 aunt,
432 2334 515 2401 quae
536 2326 654 2379 vocant
679 2314 970 2400 ἀποφθέγματος.η
993 2308 1031 2379 'de
1055 2315 1157 2382 offic.
1181 2317 1212 2382 Ῑ.
1234 2317 1295 2395 19,
1321 2319 1395 2383 101.

396 2411 564 2489 Ἀππιοίς,
586 2430 766 2494 cognomen
791 2411 961 2475 Minervae
983 2430 1001 2477 a
1024 2409 1183 2476 Cicerone
1210 2411 1337 2477 fictum:
1360 2413 1445 2487 „Me
1472 2423 1555 2495 puto
1583 2430 1639 2476 nuc

314 2507 412 2574 inrita
435 2507 586 2571 Minerva
612 2505 643 2567 id
669 2504 847 2581 factruuur,
872 2526 965 2588 quiam
989 2507 1114 2589 quidem
1141 2527 1225 2591 ego,
1256 2507 1385 2572 siforte
1411 2510 1449 2571 de
1468 2507 1532 2570 tuis
1556 2524 1636 2570 siun·

315 2622 433 2687 psci-o,
456 2621 523 2665 non
546 2600 648 2664 solum
672 2600 863 2677 Παλλάδα,
879 2598 1041 2663 sedetiam
1065 2602 1242 2667 Ἀππιόόα
1263 2603 1478 2668 nominabo.''
1501 2602 1636 2666 adFau.

315 2699 382 2764 111.
413 2700 509 2773 1,1.
554 2694 689 2775 Scripsit
712 2695 792 2756 haec
817 2694 939 2758 ironice
956 2697 996 2757 ad
1015 2695 1157 2777 Appium
1181 2695 1363 2761 Claudium.
1492 2756 1496 2763 ,

396 2788 686 2877 Ἀπρακτότατος,
711 2789 814 2851 rebus
833 2788 979 2871 agendis
998 2789 1247 2872 ineptissimus.
1293 2842 1309 2873 „
1320 2790 1380 2855 Ille
1399 2792 1480 2854 alter
1499 2812 1566 2855 trno
1586 2785 1634 2852 uti·

315 2907 375 2949 ntis
402 2883 482 2948 vitiu
507 2882 666 2946 vitiosus:
699 2884 787 2966 quud
804 2882 908 2957 iners,
943 2885 1030 2965 quod
1052 2883 1153 2947 sorani
1176 2884 1312 2966 plenus,
1343 2887 1431 2969 quod
1452 2884 1634 2967 imperitus,

195 3047 209 3071 Ι
316 2980 405 3065 qnod
434 2975 701 3066 ἀπρακτότατος,
736 2976 793 3038 sed
824 2975 1055 3049 voluntate,ita
1081 2990 1256 3057 καχέκτης,
1291 2991 1325 3041 ut
1352 2980 1541 3061 Pompeium
1566 2984 1638 3059 post

314 3074 401 3138 illam
425 3070 690 3146 continuem,·in
711 3089 774 3154 qua
803 3071 843 3133 ab
870 3091 910 3136 eo
935 3084 1062 3134 senatus
1078 3073 1221 3137 laudatus
1242 3086 1308 3152 est,
1334 3075 1439 3138 odisse
1457 3072 1606 3154 coeperit.
1617 3067 1638 3098 ’'

316 3172 356 3233 ad
377 3173 450 3233 Att.
477 3166 507 3230 1.
531 3165 588 3239 11,
614 3165 647 3227 6.

255 3276 261 3291 ¹
396 3260 701 3347 Ἀπροσδιόνυσον,
715 3259 926 3338 obeundum,
944 3260 1117 3345 ineptum,
1131 3263 1295 3328 alienum.
1319 3263 1430 3339 ,Nihil
1442 3274 1505 3327 tuin
1517 3262 1638 3347 ἀπροο-

316 3358 468 3426 διόνυσον
494 3354 570 3418 mihi
595 3354 700 3437 prino
723 3353 891 3418 videbatur
913 3378 1006 3439 quam
1031 3359 1071 3421 ad
1092 3378 1144 3421 eas
1172 3356 1314 3435 litteras,
1345 3359 1460 3444 quibus
1484 3378 1547 3443 ego
1572 3376 1587 3418 a
1611 3364 1638 3414 te

316 3453 480 3518 consilium
496 3449 668 3531 petierant,
702 3459 734 3513 te
760 3449 836 3512 mihi
857 3449 917 3513 ista
947 3451 1169 3516 rescriberc.'’
1224 3456 1263 3516 ad
1288 3455 1363 3518 Au.
1386 3452 1487 3519 XVI.
1515 3451 1589 3526 ida,
1610 3448 1635 3508 1.

397 3544 620 3633 Ἀπρόσιτος,
645 3543 851 3608 inaccessus.
897 3544 1169 3619 ,Insidiatcribus
1193 3547 1260 3611 eius
1282 3547 1468 3637 vinnaicum
1488 3565 1557 3637 me,
1582 3558 1637 3606 nott

315 3644 413 3706 inodo
434 3639 702 3724 ἀδωροδόκητον,
727 3637 902 3720 praebul.''
947 3641 987 3703 ad
1013 3642 1086 3704 An.
1113 3642 1160 3703 V.
1187 3640 1244 3719 10,
1274 3643 1306 3707 6.

396 3734 693 3824 Ἀπροσφόνητος,
717 3733 942 3799 insalutatus.
988 3734 1134 3811 ,Omnes
1161 3754 1221 3801 uos
1242 3738 1525 3824 ἁπροσφωνῆτους
1550 3728 1636 3798 relin-

315 3829 474 3918 quebat.'’
516 3831 556 3892 ad
580 3828 654 3893 Au.
680 3827 781 3891 Vlll.
804 3828 843 3904 8,
874 3830 906 3891 1.

396 3924 519 4013 Ἀργός
543 3924 655 4008 λόγος,
684 3921 814 4007 ignava
836 3922 941 3988 ratio.
994 3924 1090 4007 ,Nec
1114 3943 1174 3989 nos
1200 3923 1350 4008 impediet
1378 3925 1432 3991 nlla
1454 3925 1573 4012 ignara
1594 3937 1638 3983 ra·

314 4020 386 4097 lio,
411 4040 494 4105 quiae
521 4018 660 4082 dicitur:
690 4017 873 4100 appellatur
894 4016 976 4081 enirn
997 4018 1123 4103 quidun
1146 4020 1383 4103 aphilusnphis
1405 4020 1509 4106 ἀργός
1527 4018 1636 4101 λόγος,

316 4116 366 4178 cui
390 4115 416 4179 si
440 4134 627 4198 pareamus,
656 4111 882 4176 nihilomnino
909 4132 1039 4198 agamus
1066 4112 1100 4177 in
1123 4112 1226 4178 vita.”
1249 4118 1288 4178 de
1313 4117 1396 4181 Fato
1420 4115 1477 4192 11,
1506 4111 1563 4176 18.
1586 4108 1640 4173 Eat

317 4230 418 4296 genus
448 4207 671 4290 sophismatis,
694 4209 781 4292 qnod
805 4205 879 4271 inde
900 4226 1016 4271 nornen
1038 4207 1153 4284 traxit,
1183 4211 1271 4291 qrrnd
1292 4212 1485 4274 credebatur
1501 4204 1639 4271 homines

317 4324 357 4367 en
381 4302 534 4383 deceptos
555 4303 691 4386 ignavus
714 4310 747 4365 et
767 4299 892 4365 otiosos
918 4303 1064 4365 reddere.
1109 4302 1170 4365 Est
1197 4303 1279 4366 enirn
1302 4302 1503 4378 huiuamodi,
1535 4312 1575 4364 ut
1598 4302 1640 4359 est

316 4398 401 4479 apud
427 4393 621 4460 Ciceronem
643 4396 681 4458 de
697 4395 782 4459 Fato
806 4415 836 4456 c.
862 4394 911 4457 11.
940 4393 993 4475 „Si
1007 4394 1178 4459 sitnmtibi
1200 4408 1265 4473 est,
1290 4418 1332 4460 ex
1348 4399 1413 4461 hcc
1436 4396 1554 4461 urorbo
1571 4386 1657 4456 con-³

316 4489 499 4565 valescere,
533 4488 602 4552 sive
623 4488 775 4552 medicum
802 4488 1003 4565 adhibueris,
1028 4489 1097 4553 sive
1119 4510 1203 4565 non,
1236 4492 1463 4555 couvalesces''
1484 4502 1550 4558 cet.
1572 4479 1657 4553 ttcc'

315 4583 512 4665 sophismate
528 4584 697 4646 utebantur
713 4581 745 4645 iu
764 4581 1030 4664 disputationibus
1050 4585 1088 4647 de
1103 4581 1272 4663 libertate,
1295 4584 1378 4651 lato.
1422 4586 1475 4652 De
1493 4600 1535 4649 eo
1554 4592 1640 4667 egrt·

317 4677 370 4764 gie
393 4676 594 4743 Facciolatus
618 4681 756 4742 Acrcas.
780 4676 826 4741 V.
847 4678 933 4740 Ean.

396 4771 529 4861 ’Ἄρειος
564 4772 691 4855 πάγος,
723 4790 829 4854 rupee
857 4770 1013 4850 Martia,
1046 4774 1274 4858 Areopagus,
1308 4773 1364 4837 uhi
1390 4784 1518 4839 senatus
1545 4764 1656 4838 Athe-²

316 4866 433 4932 niensis
457 4867 684 4945 conveniebat,
715 4868 798 4931 unde
818 4875 851 4930 et
871 4886 934 4950 pro
953 4876 1065 4932 senttu
1083 4867 1157 4953 ipsc
1183 4867 1300 4933 dicitur
1317 4877 1351 4933 et
1371 4867 1438 4934 eius
1463 4874 1635 4935 conventas
1655 4862 1656 4899 ¹
