3490 5586
181 1604 234 1670 A.
262 1600 474 1680 (Absolvo)
501 1598 648 1665 salutaris
681 1599 711 1664 in
740 1598 908 1665 iudicando
938 1597 1062 1675 littera,
1098 1597 1141 1665 C.
1170 1597 1425 1680 (condemno)

95 1697 214 1765 tristis.
240 1716 302 1779 pro
323 1693 399 1759 Mil.
423 1694 461 1770 6,
487 1692 540 1758 15.

100 1828 109 1840 ·
182 1787 445 1857 Abalienatio
461 1799 511 1851 est
524 1786 591 1851 eius
606 1785 669 1866 rei,
694 1807 774 1871 quae
789 1787 926 1871 mancipi
941 1801 1005 1868 ert,
1023 1800 1077 1853 sut
1092 1788 1220 1854 traditio
1236 1787 1326 1853 alteri
1340 1810 1427 1853 nexu

96 1899 151 1957 aut
164 1885 201 1951 in
219 1884 289 1948 iure
309 1880 429 1959 cessio,
454 1879 537 1945 inter
557 1902 639 1967 quos
660 1901 696 1945 es
716 1879 785 1943 iure
805 1879 892 1945 civili
910 1881 981 1947 fieri
998 1893 1146 1966 possunt.
1169 1882 1288 1966 Topic.
1312 1884 1348 1960 5,
1371 1883 1426 1945 18.

180 1977 366 2062 Abigere
387 1984 556 2059 parturn.
592 1972 757 2039 Memoria
778 1985 873 2040 teneo
895 1975 1054 2041 Milesiam
1075 1979 1229 2062 quandam
1249 1977 1425 2052 mulierem,

99 2078 187 2160 quod
215 2075 256 2138 ab
276 2069 444 2135 heredibus
465 2069 611 2134 secundis
631 2080 762 2153 accepta
783 2070 918 2153 pecunia
939 2083 1094 2153 parturn
1116 2069 1175 2135 sibi
1198 2071 1267 2157 ipsa
1292 2071 1429 2137 medica·

103 2168 217 2233 uentis
237 2162 464 2257 abegisset,
492 2162 539 2229 rei
560 2162 703 2246 capitalis
725 2183 795 2228 esse
817 2165 1006 2231 damnatam.
1035 2186 1097 2250 pro
1121 2164 1270 2231 Cluentio
1295 2169 1352 2244 11,
1376 2166 1429 2231 31.
1478 2198 1480 2209 ‹

188 2264 284 2327 Abs.
330 2260 401 2325 Una
431 2241 631 2343 praepositio
661 2269 709 2320 est
742 2259 810 2321 abs
842 2280 943 2346 eaque
975 2281 1058 2323 uiroc
1088 2270 1210 2323 tannim
1241 2258 1275 2325 in
1306 2260 1429 2353 accepti

104 2356 221 2419 tabulis
241 2363 362 2428 manet,
385 2372 425 2415 ue
448 2350 485 2415 iis
508 2350 632 2436 quidem
658 2351 816 2416 omnium·
849 2351 879 2416 iu
902 2346 1046 2437 reliquo
1051 2374 1197 2417 sermone
1221 2365 1338 2417 murteta
1361 2365 1427 2429 est,

103 2471 176 2514 narn
205 2446 355 2513 amovit
384 2445 516 2510 dicimus
543 2456 576 2508 et
601 2443 743 2531 abegit
764 2456 796 2510 et
817 2446 1007 2524 abstulit,
1039 2457 1074 2510 ut
1097 2446 1157 2510 iarn
1179 2447 1299 2511 nescias
1321 2450 1428 2512 abne
1533 2530 1536 2533 Ι

101 2564 213 2608 versun
233 2544 276 2607 sit
298 2563 336 2604 an
360 2542 442 2605 abs.
487 2538 617 2620 Quid
590 2561 618 2602 ιι
640 2539 733 2604 etiarn
753 2539 909 2626 abfugit
929 2550 1024 2624 turpe
1045 2540 1145 2605 visum
1167 2553 1234 2618 est,
1260 2552 1291 2606 et
1313 2541 1430 2606 abfer

101 2637 289 2707 uoluerunt.
314 2634 430 2698 aufer
449 2633 650 2696 maluerunt?
672 2655 753 2718 quae
775 2632 974 2717 praepositio
992 2644 1123 2718 praeter
1145 2635 1224 2700 baec
1245 2637 1309 2700 duo
1329 2637 1428 2701 verbs

102 2731 195 2795 nnito
215 2729 276 2794 etio
297 2729 329 2791 in
351 2731 451 2793 uerbo
472 2726 664 2810 reperietur.
710 2728 844 2793 Orator.
869 2729 929 2803 17,
956 2729 1029 2794 158.

193 2825 359 2887 Absens.
415 2823 475 2888 De
506 2823 672 2884 absente
704 2825 911 2887 secundum
944 2824 1195 2906 praesentem
1231 2814 1427 2890 iudicare.

109 2916 211 2981 Verr.
234 2920 352 2980 Aecus.
376 2916 415 2991 1,
440 2918 498 2991 17,
523 2915 576 2980 11.
1291 2948 1294 2955 ,
1361 2938 1370 2949 ·

194 3012 275 3076 Abs
301 3021 337 3076 te
366 3009 597 3075 sestertium
627 3008 772 3074 miilies
794 3014 955 3094 repctoz
985 3011 1122 3078 formula
1145 3010 1177 3075 in
1202 3031 1296 3076 causa
1315 3032 1429 3076 ‚rerusn

104 3106 365 3188 repetundarum.
409 3103 553 3169 Divinat.
577 3104 689 3181 5,19.

190 3201 366 3265 Abusus.
411 3197 499 3263 Vade
520 3197 802 3264 Ususiructus

190 3291 440 3375 AccepiffS.
464 3314 591 3356 viores
614 3303 678 3356 cet
723 3292 827 3358 Vide.
852 3293 1048 3360 Rationes
1071 3294 1240 3361 relatae

188 3389 422 3471 Acceptum.
481 3370 637 3470 Opus
627 3407 666 3451 ιιι
701 3398 907 3471 acceptum
939 3388 1110 3457 referre.
1167 3391 1269 3455 Verr.
1307 3388 1430 3454 Aecus.

131 3525 367 3657 Accipio
390 3595 513 3643 osnen.
535 3576 574 3639 de
596 3573 675 3641 Diu.
701 3580 738 3653 1,
762 3576 822 3654 15,
848 3577 920 3641 108.

190 3669 312 3734 Actio
336 3667 490 3733 civilis.
534 3668 676 3735 Divinat.
699 3669 735 3746 5,
760 3669 813 3733 18.

192 3762 387 3828 Actiones
403 3762 787 3847 muitaeprsetoriis
808 3763 1129 3845 exceptionibus
1144 3764 1430 3830 excluduntur.

110 3858 151 3920 de
169 3856 243 3922 lov.
266 3857 306 3933 1,
332 3856 389 3932 19,
413 3858 466 3920 57.
489 3891 530 3905 -
552 3857 747 3922 Actiones
768 3857 906 3942 primum
928 3857 1093 3940 expositae
1115 3879 1132 3921 a
1154 3858 1219 3924 Cn.
1239 3857 1369 3923 Flavio.
1392 3859 1432 3922 de

109 3948 173 4014 Οι.
199 3951 233 4027 1,
257 3949 415 4027 tuneo.
437 3948 700 4015 -Actiones
723 3950 1001 4016 Hostilianac.
1024 3954 1063 4015 de
1086 3951 1148 4016 Or.
1174 3955 1214 4031 1,
1234 3952 1293 4030 57,
1318 3953 1393 4019 115.

195 4046 322 4110 Actor
343 4042 492 4108 accessi
514 4044 586 4108 buic
607 4066 762 4110 causae.
805 4048 905 4110 Vere.
930 4047 1007 4109 Act.
1032 4048 1071 4121 1,
1096 4046 1133 4123 1,
1158 4046 1191 4110 1.

193 4141 238 4205 A.
261 4139 306 4204 D.
329 4143 430 4218 (Ante
451 4138 558 4220 Diem)
579 4137 831 4223 pridieNon.
854 4136 948 4204 Mai.
971 4141 1010 4201 ad
1032 4136 1105 4203 Att.
1129 4139 1168 4214 1,
1193 4139 1251 4216 11,
1276 4139 1308 4202 1.
1431 4138 1434 4149 “

192 4233 396 4300 Addicere
419 4254 519 4318 opus
540 4233 786 4298 faciundum
829 4236 931 4298 Verr.
955 4232 1075 4311 Aecus,
1100 4234 1136 4308 1,
1160 4233 1219 4310 57,
1244 4233 1317 4296 150.

193 4326 899 4435 Addictiobonorumpossessionruuque.
943 4326 1263 4402 verentur.
1289 4325 1341 4389 17.

196 4420 1278 4506 AddubstareSaiutusaugur-uundeDrr1,47,105.

194 4516 424 4579 Adducere.
468 4513 631 4579 Adduxi
659 4514 704 4594 (in
730 4513 893 4595 iudicium)
922 4512 963 4583 C.
990 4517 1143 4579 Verrem.
1166 4514 1269 4578 Vere.
1292 4490 1431 4593 aaut,

102 4608 482 4689 1,2.v1eetteus

195 4702 440 4769 Adduoere
428 4725 467 4766 sn
489 4702 550 4768 ius
572 4699 799 4787 queaeritoresn.
822 4720 883 4784 pro
906 4698 1057 4782 Quinctio
1079 4702 1116 4779 9,
1140 4700 1244 4766 30.

196 4798 362 4864 Adesse.
404 4797 619 4874 Edicebatur,
651 4805 686 4860 ut
708 4815 782 4859 reus
804 4805 898 4858 certo
919 4784 970 4865 die
992 4797 1129 4859 adesset.
1174 4794 1335 4875 Quaero,
1355 4793 1433 4858 edi-

104 4890 272 4957 xeritne
293 4888 336 4957 C.
361 4889 534 4956 Menenius
557 4901 691 4975 praetor
716 4910 758 4953 es
783 4909 821 4954 es
848 4888 941 4974 lege,
976 4899 1011 4953 ut
1035 4890 1195 4954 adesses
1222 4889 1287 4954 die
1313 4887 1433 4952 trice·
