3490 5586
485 395 638 468 tubex
659 396 1013 469 FORMULARUM.
1213 428 1216 435 ·
1350 400 1414 467 387
1464 386 1480 403 ’

80 578 102 599 2
177 544 335 612 Fecisse
354 543 506 609 rideri.
550 544 704 609 Formula
725 542 871 609 testium:
896 546 962 610 Iste
982 554 1089 607 vester
1105 540 1215 620 testis,
1240 541 1295 625 qui
1316 562 1412 606 ausus

106 653 147 707 est
170 641 285 717 dicere,
307 640 472 705 fecisse
495 638 623 702 videri
646 661 736 717 eum,
772 642 811 702 dc
842 660 927 723 quo,
960 656 1000 702 ue
1030 636 1119 701 cuius
1144 637 1191 701 rei
1222 647 1414 722 argueretur

89 736 230 821 'quidem
255 731 525 819 scirelpotuisset
547 744 610 796 cet.
644 754 706 815 pro
729 732 868 798 Caecina
891 734 953 809 26,
978 731 1032 795 73.

173 828 374 893 Feliciter
395 826 471 891 tibi
492 848 560 890 rem
583 828 674 890 istam
695 828 859 891 evenire
883 826 1015 909 cupio.
1040 826 1186 889 adFam.
1211 826 1267 902 16,
1294 824 1353 900 21,
1378 826 1412 888 7.

105 922 164 989 cu.
195 926 233 987 ad
254 925 348 988 Fam.
379 922 417 999 9,
449 920 486 997 8,
511 921 550 984 2ι
584 921 816 1005 Migrationem
845 934 877 984 et
903 921 1095 1003 emptionem
1124 919 1201 982 tibi
1227 918 1414 983 feliciter

103 1017 252 1082 evenire
274 1018 387 1081 volo.
1091 1084 1095 1105 Ι

168 1112 301 1176 Fenus
323 1109 549 1175 fnit'bessibus
572 1111 762 1174 extricato.
797 1111 836 1173 ad
859 1110 901 1191 Q.
924 1110 983 1175 Fr.
1006 1111 1048 1188 2,
1072 1110 1129 1186 16,
1155 1111 1187 1173 1.

170 1207 296 1269 Ferre
319 1209 365 1269 ad
386 1205 553 1288 plebem.
594 1206 640 1270 L.
665 1205 829 1281 Tubulus,
855 1226 924 1267 cum
944 1215 1077 1287 praetor
1100 1203 1316 1289 quaestionem
1331 1201 1415 1266 iuter

100 1300 222 1366 ιὶιιιιοι
243 1300 458 1375 exercuisset,
489 1300 532 1363 ita
558 1306 667 1382 aperte
692 1299 775 1382 cepit
802 1300 951 1381 pecunias
979 1302 1111 1362 obrem
1132 1298 1349 1373 urdicaodaru,
1379 1302 1417 1358 ut

97 1415 169 1458 anuo
183 1395 394 1478 proximoP
412 1394 569 1457 Scaevola
585 1394 732 1456 tribunus
752 1395 799 1476 pl.
821 1393 954 1458 ferret
975 1396 1217 1503 adplebem,
1242 1391 1414 1455 Vellertre
1504 1432 1509 1437 -

100 1489 133 1551 dc
153 1509 186 1551 ea
208 1510 243 1552 re
266 1487 387 1572 quaeri.
423 1491 463 1551 de
483 1488 580 1553 qu
604 1488 640 1563 2,
666 1489 725 1563 16,
751 1489 804 1555 at.

174 1583 303 1647 Ferre
330 1584 477 1647 tribus
514 1602 576 1666 pro
602 1533 737 1647 Plancio
766 1582 825 1658 22,
858 1566 919 1647 53.
956 1582 1102 1666 Philipp.
1135 1580 1259 1660 11,·8,
1290 1581 1344 1645 18.
1374 1614 1417 1626 -
1552 1652 1557 1669 .

100 1675 257 1740 Tribuni
282 1675 608 1741 suamaoutulit.
633 1675 1023 1760 Palatinamperdidit.
1047 1698 1109 1761 pro
1133 1674 1319 1754 Sestiodd,
1344 1676 1418 1740 111.

99 1768 190 1834 Couf.
214 1773 396 1837 Perdere
418 1771 580 1834 tribum.
1312 1800 1316 1811 ¹

176 1867 345 1931 Ferrum
369 1866 573 1948 recipere.
617 1867 721 1942 Nam,
746 1877 781 1928 ut
806 1866 1036 1949 gladiatoribus
1050 1863 1200 1947 imperari
1215 1858 1419 1939 solenter-

100 1980 172 2023 rm
193 1982 275 2026 nou
297 1961 479 2045 recepit?
499 1982 562 2043 pro
585 1960 693 2023 Sestio
715 1961 773 2037 37,
801 1960 855 2025 80.
878 1962 1105 2025 —Ferrum
1127 1957 1319 2040 recipere
1340 1957 1419 2020 ius-

102 2073 160 2115 sus
180 2056 398 2140 gladiator.
424 2055 559 2119 Tuscul.
584 2056 621 2129 1,
647 2057 706 2130 17,
731 2058 784 2118 tt.
831 2054 887 2120 cf.
911 2076 972 2137 pro
995 2057 1031 2119 8.
1047 2054 1152 2122 Rosc.
1172 2052 1250 2116 Am.
1274 2053 1331 2131 12,
1356 2056 1416 2127 333

105 2150 414 2228 pernoctatum
437 2150 560 2212 telnm
584 2169 762 2232 corpore
784 2151 1026 2231 recepisset.

178 2243 309 2308 fides.
354 2242 523 2307 VideEx
551 2243 635 2306 fide
662 2246 778 2306 bona.
831 2246 936 2325 Quae
966 2248 1081 2310 salva
1109 2248 1209 2313 fide.
1243 2281 1285 2293 -
1315 2245 1419 2308 Esse
1488 2251 1493 2264 ‘

103 2332 229 2402 infide
253 2336 398 2402 alicuius.
444 2337 590 2412 Reatini,
621 2337 689 2420 qui
718 2348 812 2399 stant
837 2339 877 2401 in
906 2339 992 2402 fide
1015 2362 1109 2405 mea.
1145 2358 1208 2425 pro
1233 2339 1357 2403 Scauro
1379 2338 1419 2416 2’,

104 2427 151 2493 27.
173 2433 386 2497 -quide
409 2432 539 2495 alicuius
561 2432 741 2495 locatum
763 2453 869 2495 esse.
894 2434 1076 2511 admei,
1102 2435 1139 2512 1,
1164 2438 1196 2500 6.
1219 2434 1421 2499 —Fidem

101 2520 326 2607 implorare.
372 2528 447 2591 Nou
473 2524 616 2609 populi
638 2526 811 2589 Romani
832 2526 937 2590 fides
958 2527 1245 2611 imploranda?
1264 2528 1296 2592 in
1318 2529 1422 2590 Verr.

103 2618 138 2694 5,
168 2622 222 2698 70,
255 2620 330 2685 179.
377 2654 406 2666 -
448 2619 530 2685 Cum
552 2620 650 2705 virgo
678 2620 819 2684 Vestalis
850 2631 1007 2697 vestram,
1040 2620 1183 2700 iudices,
1217 2644 1254 2686 ac
1280 2618 1423 2705 populi

104 2712 268 2779 Romani
297 2716 418 2779 fidem
451 2715 657 2797 imploret.
699 2736 761 2796 pro
788 2717 928 2780 Fonteio
957 2718 1016 2792 17,
1049 2718 1103 2780 36.
1140 2753 1182 2765 -
1214 2714 1350 2781 Fidem
1383 2726 1423 2780 et

107 2803 372 2877 iusiurandum
396 2810 639 2893 neglectum.
674 2813 712 2872 de
735 2811 879 2890 Harusp.
903 2810 1005 2892 Resp.
1031 2812 1089 2885 17,
1114 2810 1168 2876 36.

188 2898 431 2967 Fidesmalc.
474 2904 594 2967 Iudicia
618 2902 767 2967 deiide
790 2904 902 2966 mala
936 2906 1043 2970 deN.
1066 2905 1111 2971 D.
1138 2909 1177 2983 3,
1201 2906 1258 2984 30,
1283 2904 1344 2969 71.’

188 2994 359 3061 Fiducia.
392 2997 478 3060 Vide
501 2998 662 3060 Iudicia
684 2996 869 3078 privata.

120 3076 373 3264 dFFiduqcine
387 3091 590 3265 fprnirtla:
616 3093 669 3156 Ut
690 3092 800 3154 iuter
822 3094 957 3157 bonos
979 3094 1082 3157 bene
1104 3092 1221 3215 agicr
1243 3104 1422 3189 oportet.

101 3203 117 3245 a
187 3188 291 3248 ami
338 3189 377 3250 12

177 3280 522 3346 Fiduciaeiudicia.
557 3282 667 3344 doN.
686 3281 732 3346 D.
757 3282 794 3357 3,
819 3281 877 3358 30,
904 3283 956 3346 71.

176 3375 452 3440 Fiduciarius.
497 3375 581 3439 Vide
604 3376 885 3440 Procurator.
920 3416 924 3423 -

174 3468 301 3533 Fines
322 3490 486 3557 regere.
531 3471 565 3534 Si
585 3471 617 3533 iu
639 3471 718 3532 urbe
740 3468 850 3532 fiaes
875 3488 939 3532 nou
959 3481 1176 3554 reguntur,
1198 3478 1257 3536 ne'e
1279 3492 1360 3557 aqua
1389 3470 1422 3536 iu

100 3564 173 3628 urbe
195 3580 359 3630 arceatur.
384 3566 504 3648 Topie.
528 3566 566 3643 1,
589 3564 643 3627 23.
687 3564 771 3626 Vide
795 3564 959 3645 Regere
980 3563 1098 3629 fines.

177 3660 353 3725 Finibus
375 3660 571 3746 regundis
593 3657 761 3740 adigere
784 3657 1000 3720 arbitrum.
1046 3658 1165 3741 Topic.
1188 3662 1247 3737 10,
1272 3658 1326 3723 13.

180 3756 345 3819 Fissum
368 3754 505 3830 iecoris,
529 3753 648 3817 fibra.
673 3754 711 3813 de
734 3749 844 3814 Divin.
870 3752 909 3828 1,
936 3753 994 3829 10,
1021 3750 1072 3815 16.
1096 3752 1173 3816 Lib.
1197 3754 1234 3831 2,
1260 3756 1295 3830 6,
1320 3753 1428 3816 16.-

107 3840 276 3923 Quomodo
305 3849 455 3912 collatum
489 3859 537 3912 est
567 3848 649 3911 iuter
676 3846 879 3927 hartrspices‚
913 3868 994 3930 quae
1023 3866 1097 3929 pars
1130 3847 1310 3924 inimica,
1346 3864 1427 3931 quae

102 3956 175 4018 pers
198 3942 415 4007 familiaris
447 3955 547 4019 esset,
583 3943 672 4026 quod
701 3940 844 4003 fissum
877 3940 1073 4024 periculum,
1108 3943 1197 4025 quod
1223 3943 1426 4006 commodum

100 4031 223 4119 aliquod
247 4036 457 4101 ostenderet?
488 4037 571 4102 lbid
594 4037 653 4112 12,
679 4036 731 4098 28.

179 4130 243 4197 Fit
268 4131 520 4215 propopulo
543 4082 772 4217 (sacrilicium).
795 4128 836 4193 ad
859 4130 930 4194 Αιι.
956 4130 994 4208 1,
1020 4128 1079 4207 12,
1104 4129 1219 4208 3.13,
1244 4130 1277 4195 3.
1302 4128 1364 4195 cfr.
1389 4131 1428 4194 de

93 4222 238 4310 Harusp.
266 4229 368 4309 Resp.
393 4230 451 4302 17,
476 4227 530 4289 37.

176 4323 381 4386 Foedera.
426 4320 517 4385 Nihil
545 4332 591 4384 est
619 4318 734 4383 aliud
727 4340 758 4381 ur
776 4317 907 4382 foedere
929 4338 999 4380 cum
1023 4316 1145 4401 populo
1172 4317 1331 4385 Gaditano
1353 4317 1426 4398 uisi,

89 4417 211 4497 utpia
244 4426 286 4478 et
307 4429 477 4479 aeterna
500 4436 579 4498 pax
602 4415 668 4481 slt.
714 4412 908 4478 Adiunctum
932 4413 1007 4475 illud
1031 4413 1122 4475 etiam
1151 4423 1217 4490 est,
1250 4415 1339 4500 qrrod
1364 4433 1430 4478 uon

90 4519 139 4571 est
162 4511 196 4574 in
222 4509 372 4575 omuibus
396 4509 600 4573 foederibus:
625 4508 881 4572 Maiestatem
903 4506 1046 4590 populi
1069 4507 1237 4573 Romani
1259 4506 1431 4572 comiter

88 4614 359 4668 conservato.
393 4624 455 4686 pro
479 4592 583 4667 Balb'o
608 4604 664 4679 16,
690 4603 744 4667 35.

176 4699 368 4763 Foedera
389 4716 473 4762 cum
497 4696 652 4759 Siculis
674 4695 770 4761 icta.
810 4696 1087 4761 Tarrromenitanis
1106 4692 1288 4760 nominatim
1306 4707 1431 4759 cautum

90 4803 123 4855 et
144 4802 323 4876 exceptum
346 4804 393 4856 est
417 4792 569 4856 foederet
602 4792 659 4855 Ne
681 4810 819 4854 navem
843 4794 936 4855 darc
958 4793 1147 4854 debeant:
1178 4788 1381 4855 Mamertinis
1399 4787 1433 4850 in
