3338 5584
940 62 951 103 l
1062 98 1065 107 ,

310 357 373 425 aas
713 316 1237 427 muuxaouuunauuu.

310 497 345 563 in
367 497 512 585 legibus,
536 498 852 578 senatusconsultis,
876 501 971 563 rebus
991 495 1151 575 iudicatis,
1172 494 1253 561 iuris
1271 492 1448 578 peritorum
1462 494 1651 565 auetorita-

311 593 414 671 tibus,
436 593 544 657 edictis
568 593 826 679 magistratuum,
850 614 958 668 more,
983 591 1141 677 aequitate
1157 589 1313 655 consistit.
1334 590 1454 674 Topic.
1469 591 1508 666 5,
1528 591 1590 655 28.
1607 629 1647 641 -

310 685 529 751 Ius'civile
551 700 599 751 est
621 687 737 752 editum
761 687 916 771 expositis
939 710 956 751 a
982 684 1045 752 Cn.
1069 685 1186 750 Flavio
1210 683 1348 766 primum
1376 685 1577 751 actionibus.
1609 689 1649 750 de

312 780 375 844 Or.
394 785 429 857 1,
448 784 508 859 41,
527 783 601 846 186.
624 813 666 826 -
688 782 738 847 Sit
756 782 787 846 in
813 783 905 848 iure
926 780 1047 845 civili
1062 780 1133 843 bnis
1148 779 1202 843 hic
1216 777 1376 865 legitimae
1391 791 1488 865 atque
1504 780 1647 845 usitatae

228 880 231 887 '
311 874 343 939 in
357 878 454 940 rebus
470 875 637 961 causisque
654 888 685 940 et
696 875 811 940 civium
827 875 1059 960 aequabilitatis
1073 875 1291 939 conservatio.
1313 874 1352 935 ds
1368 872 1430 937 Or.
1446 874 1550 951 1,12,
1568 874 1644 939 188.

306 970 439 1033 -lus
466 970 589 1035 civile
618 970 660 1035 ita
688 973 840 1035 babemus
859 970 1086 1047 constitutum,
1116 979 1152 1032 ut
1172 988 1267 1031 causa
1289 966 1449 1042 cadatis,
1473 968 1532 1051 qui
1556 989 1643 1045 non,

299 1052 574 1147 ¹quemadmodum
591 1076 743 1147 oportet,
764 1064 878 1149 egerit.
900 1063 1162 1139 delnv.2,19,
1186 1065 1241 1126 57.
1263 1095 1306 1107 -
1326 1061 1383 1126 De
1405 1061 1495 1127 iure
1517 1063 1643 1128 cirili

308 1155 430 1243 siquis
454 1159 531 1222 novi
554 1157 630 1243 quid
653 1157 805 1237 instituit,
837 1160 863 1223 is
890 1159 1014 1236 omnia,
1041 1179 1128 1243 quae
1155 1168 1227 1221 aute
1256 1166 1327 1220 acta
1348 1148 1439 1233 adut,
1474 1168 1552 1220 rata
1577 1179 1642 1222 esse

309 1251 444 1334 patitur.
489 1254 591 1317 Verr.
615 1256 734 1318 Aecus.
760 1256 797 1329 1,
819 1255 882 1330 12,
910 1253 984 1318 109.

393 1346 461 1410 Ius
484 1347 807 1416 consuetudinis.
852 1349 941 1413 Vide
963 1343 1283 1413 consuetudinis
1305 1342 1380 1407 ius.

394 1441 462 1503 lus
492 1440 652 1505 feciale.
699 1444 784 1537 'lota
809 1442 884 1507 belli
906 1441 1047 1527 aequitas
1076 1438 1223 1505 laciali
1249 1436 1364 1522 populi
1388 1437 1536 1504 Romani
1559 1438 1644 1505 inre

307 1532 487 1617 perscripta
509 1546 569 1599 est.
600 1537 639 1598 de
663 1535 732 1601 Off.
758 1538 794 1614 1,
820 1540 878 1613 11,
903 1537 956 1600 ut.

395 1627 463 1690 Ius
484 1629 795 1694 hereditarium.
840 1631 884 1712 Q.
904 1629 1036 1695 Mucius
1052 1627 1206 1694 Scaevola
1223 1624 1368 1710 negavit,
1390 1623 1450 1691 nisi
1472 1638 1645 1709 postu-rs

309 1731 342 1786 et
362 1732 454 1785 natus
476 1732 519 1797 et,
543 1735 711 1808 antequam
734 1723 765 1787 iu
781 1745 867 1789 suam
886 1725 1016 1787 tutelam
1033 1722 1182 1798 venisset,
1207 1731 1351 1785 mortuus
1371 1730 1466 1797 esset,
1491 1721 1646 1787 herede·

308 1836 379 1880 eum
405 1837 476 1881 esse
497 1838 613 1899 posse,
638 1817 693 1902 qui
719 1829 802 1882 esset
822 1819 995 1880 secundum
1023 1828 1203 1901 postumum
1230 1826 1262 1877 et
1286 1825 1394 1879 uatum
1423 1826 1455 1877 et
1479 1828 1645 1881 mortuno

307 1910 404 1975 berea
425 1909 601 1976 institutus.
633 1913 673 1975 de
695 1911 755 1978 Or.
782 1914 818 1988 1,
843 1912 902 1986 39,
929 1911 1003 1974 1801

393 2004 461 2068 Ius
484 2004 804 2088 imperatorium.
848 2007 951 2070 Verr.
975 2007 1097 2070 Aecus.
1122 2007 1158 2080 1,
1183 2002 1241 2077 21,
1267 2001 1320 2066 57.

393 2096 707 2162 Iusiurandum.
751 2099 883 2162 Nullum
909 2099 1067 2162 vinculum
1092 2100 1133 2161 nd
1158 2095 1415 2181 adstringendum
1436 2096 1537 2162 fidem
1561 2099 1642 2165 iure

306 2188 484 2256 iurando
515 2193 652 2261 maiores
683 2192 781 2257 artius
812 2213 882 2257 esse
912 2194 1093 2257 voluerunt.
1144 2191 1184 2254 Id
1210 2189 1349 2253 indicant
1373 2189 1462 2276 leges
1491 2192 1527 2257 in
1560 2196 1638 2259 ΧΠ.

307 2286 446 2362 tabulis,
481 2285 620 2351 iudicant
648 2290 808 2364 sacratae,
841 2288 980 2352 indicant
1007 2287 1155 2361 foedera,
1191 2282 1307 2368 quibus
1328 2283 1420 2347 etiam
1444 2306 1520 2347 cum
1551 2288 1636 2352 hoste

308 2379 488 2445 devincitur
515 2382 610 2461 fides,
642 2380 781 2445 indicant
806 2383 953 2448 notiones
979 2378 1331 2462 animadversionesque
1358 2399 1556 2458 censorum,
1591 2404 1637 2465 qu

307 2474 393 2539 nulla
417 2477 455 2540 de
477 2497 513 2541 re
536 2475 720 2561 diligentius
743 2497 837 2561 quam
867 2479 912 2540 de
938 2477 1028 2542 iure
1054 2477 1225 2541 iurando
1252 2471 1442 2536 iudicabant.
1477 2475 1521 2537 de
1546 2475 1634 2541 oue

308 2569 348 2648 3,
372 2568 432 2646 31,
461 2571 535 2645 111,

394 2663 463 2727 Ius
486 2663 679 2729 luminum.
718 2668 756 2729 de
779 2664 841 2730 Or.
866 2670 901 2742 1,
926 2667 984 2742 39,
1011 2666 1108 2731 179..
1130 2662 1320 2728 Bucculeius
1344 2663 1375 2725 iu
1402 2663 1568 2748 mancipio
1589 2666 1636 2729 lu·

274 2792 280 2801 =
308 2755 431 2833 mina,
455 2756 501 2821 uti
524 2770 588 2821 tum
612 2770 736 2837 essent,
760 2760 894 2843 recepit.
937 2761 1021 2825 Ibid.

394 2850 461 2914 Ius
491 2862 673 2917 naturae.
707 2855 746 2916 de
768 2853 843 2917 Iov.
867 2854 905 2929 2,
931 2855 988 2929 21,
1013 2855 1067 2917 67.
1100 2888 1142 2900 -
1176 2854 1327 2917 Natura
1355 2851 1416 2915 ius
1447 2864 1519 2927 est,
1556 2853 1635 2938 qaod

307 2965 371 3010 non
395 2943 505 3026 opinio
525 2947 646 3030 genuit,
669 2949 725 3012 sed
740 2950 893 3032 quaedam
908 2946 1015 3011 innata
1034 2948 1083 3011 vis
1100 2946 1244 3020 inseruit,
1270 2958 1303 3010 ut
1317 2944 1525 3029 religionem,
1544 2951 1634 3032 pieta

307 3051 382 3115 tem,
398 3037 544 3123 gratiam,
563 3039 819 3117 vindicationem,
834 3041 1085 3116 observantiam,
1103 3040 1284 3105 veritatem.
1302 3044 1341 3105 de
1351 3041 1424 3107 Inu.
1442 3040 1475 3118 2,
1494 3041 1553 3119 53,
1570 3044 1629 3105 161.

392 3133 461 3197 Ius
493 3132 709 3215 parietum,
740 3156 940 3220 aquarum.
975 3139 1013 3200 de
1036 3137 1144 3220 Legg.
1169 3135 1206 3211 2,
1232 3137 1287 3211 19,
1313 3137 1367 3198 17.
1399 3169 1442 3183 -
1479 3134 1625 3201 omnus

309 3239 360 3290 est
386 3224 435 3290 ius
460 3228 612 3310 parietem
643 3227 795 3292 directum
819 3232 857 3293 ad
881 3232 1033 3314 parietem
1057 3251 1253 3294 communem
1281 3229 1456 3313 adiungere
1483 3232 1542 3294 vel
1565 3230 1617 3293 soi

307 3325 381 3383 datm
415 3321 465 3385 vel
495 3321 701 3385 fornicatum.
746 3324 810 3386 Sed
839 3323 892 3409 qui
918 3323 950 3387 in
977 3323 1099 3406 pariete
1126 3322 1284 3388 cummuni
1307 3322 1512 3387 demoliendo
1540 3318 1610 3386 dni

306 3414 419 3479 iniecti
448 3415 668 3497 promiserit„
687 3437 750 3480 non
780 3415 908 3482 debebit
935 3429 1118 3501 praestare,
1145 3419 1241 3513 ¹quod
1272 3415 1384 3481 fornix
1413 3416 1483 3480 vitii
1510 3413 1614 3483 facuit·

308 3508 384 3573 Nou
412 3508 494 3572 enim
522 3510 589 3573 eius
611 3508 741 3593 parietis
766 3512 863 3588 vitio,
895 3512 948 3596 qui
973 3511 1142 3576 demolitus
1164 3524 1231 3587 est,
1263 3512 1408 3573 damnum
1431 3509 1560 3576 iactum
1578 3518 1623 3583 αἱ,

308 3604 366 3666 sed
385 3601 452 3666 eius
475 3603 583 3685 operis
603 3606 699 3685 uitio,
724 3609 812 3692 quod
832 3604 877 3670 ita
899 3606 1100 3671 aedificatum
1121 3617 1187 3683 est,
1211 3614 1247 3668 ut
1264 3602 1413 3686 suspendi
1427 3623 1494 3667 non
1513 3616 1628 3689 posset·

309 3697 430 3780 Topic.
455 3698 494 3774 4,
518 3699 572 3762 22.

393 3791 458 3855 Ius
482 3793 743 3874 pontificium
769 3816 863 3860 nemo
889 3794 995 3859 discit.
1025 3797 1064 3859 de
1088 3793 1150 3857 Or.
1174 3793 1214 3867 3,
1237 3791 1296 3868 33,
1321 3790 1393 3854 136.
1416 3825 1458 3838 -
1481 3793 1542 3858 Ex
1569 3797 1634 3860 Ser.

308 3885 451 3967 Sulpicio
478 3887 568 3954 Ruso
600 3889 659 3954 ius
689 3901 833 3955 nostrum
862 3888 1140 3973 pontificium,
1174 3908 1237 3973 qua
1267 3908 1308 3949 ex
1338 3897 1427 3968 parte
1458 3907 1536 3951 cuna
1574 3889 1636 3953 iure

307 3978 393 4043 civili
416 3981 615 4046 coniunctum
639 3995 740 4062 esset,
764 3986 911 4049 volebam
935 4004 1148 4070 cognoscere.
1192 3983 1289 4045 Brut.
1312 3980 1370 4059 12,
1395 3980 1470 4046 156.

392 4074 460 4138 Ius
483 4077 748 4158 praetorium.
794 4082 894 4144 Verr.
921 4081 1043 4143 Accaus.
1067 4080 1104 4153 1,
1130 4076 1190 4152 44,
1216 4075 1291 4139 114.

392 4168 459 4232 Ius
481 4170 699 4251 privatum.
743 4174 889 4240 Diuiuat.
915 4175 952 4250 5,
979 4172 1031 4236 18.

394 4262 464 4337 Ius
486 4275 696 4349 ratiumque
719 4279 806 4333 esto
828 4269 885 4344 id,
911 4268 1018 4353 quod
1039 4287 1174 4330 corium
1196 4262 1369 4328 iudicum
1392 4262 1523 4332 maior
1547 4284 1635 4351 pars

308 4353 525 4420 iudicarit.
560 4362 601 4423 ad
623 4362 714 4426 Fam.
739 4363 775 4438 8,
800 4362 839 4436 8,
866 4362 897 4426 3.

394 4449 462 4511 lus
485 4450 628 4534 stirpis
651 4475 695 4518 ac
717 4454 981 4540 gentilitatis.
1015 4456 1053 4518 de
1077 4452 1136 4518 Οι·.
1160 4454 1196 4529 1,
1220 4453 1278 4530 39,
1304 4453 1378 4516 176.

392 4541 461 4606 Ius
484 4565 685 4613 summum.
717 4551 868 4614 Summo
892 4549 982 4614 iure
1005 4546 1202 4631 experiri,
1228 4545 1361 4631 quodin
1378 4549 1631 4613 controversiam

310 4633 408 4698 venit.
441 4657 502 4717 pso
526 4638 676 4718 Quinctio
701 4646 760 4718 11,
784 4642 837 4706 38.

167 4782 171 4799 .
394 4731 506 4794 Iusta
528 4733 683 4800 facere.
707 4739 782 4801 Non
799 4748 998 4801 mortuorum
1020 4747 1092 4800 aute
1106 4736 1309 4819 sepulchrum
1325 4745 1389 4815 est,
1408 4758 1505 4812 qnam
1523 4735 1627 4803 iusta

308 4822 524 4894 factasunt.
558 4830 595 4892 de
618 4832 726 4917 Legg.
751 4833 789 4911 2,
812 4832 871 4910 22,
895 4832 967 4935 57..
1089 4846 1093 4855 “
