3328 5576
256 359 275 423 6
841 359 998 426 INDEX·

260 500 401 591 ἄκορον,
423 502 614 567 ualetudini
627 502 789 580 fideliter
809 503 1045 571 inserviendo:
1069 503 1151 569 unde
1171 499 1204 579 in
1227 499 1319 569 istum
1341 501 1445 569 locum
1460 505 1589 583 sedeli-

258 607 313 659 ter
335 596 449 661 venit?
475 600 526 661 eui
549 600 651 663 verbo
674 597 867 673 domicilium
890 609 938 660 est
959 597 1126 681 proprium
1157 597 1188 661 in
1219 595 1347 670 officio,
1380 595 1592 685 migrationes

259 692 291 755 in
314 692 447 755 alienum
479 692 608 755 multae.
660 694 743 757 Nam
774 705 806 757 et
835 691 979 756 doctrina
1010 704 1042 755 11
1071 693 1184 755 domus
1212 704 1244 754 et
1265 710 1318 757 111
1341 702 1373 753 11
1394 713 1473 777 ager
1495 694 1594 759 etiam

258 786 360 867 fidelis
392 780 455 849 dici
483 797 608 868 potest:
636 800 671 850 ut
701 787 759 863 sit,
793 789 957 872 quomodo
993 788 1226 873 Theophrasto
1255 785 1379 868 placet,
1408 792 1595 854 verecunda

259 882 426 947 tralatio.''
471 883 510 944 ad
532 882 626 945 Fam.
650 883 751 946 XVI.
777 886 835 955 17,
861 885 894 946 1.
1301 888 1303 893 ’

337 976 444 1055 ”Arm
484 977 649 1040 artarietaa
682 988 715 1040 et
743 976 941 1042 sollicitudo
966 977 1076 1040 animi
1103 997 1276 1061 nusquam
1303 975 1594 1061 conquiescentis.

259 1074 377 1156 „Haeo
398 1084 447 1136 est
468 1070 550 1150 ἄλη,
574 1071 606 1134 in
629 1093 690 1155 qua
713 1093 796 1135 nune
818 1092 945 1147 sumus,
968 1071 1082 1136 mortis
1104 1071 1245 1135 instar.’'
1269 1073 1307 1133 ad
1329 1072 1403 1136 Art.
1428 1072 1473 1138 Χ.
1497 1076 1527 1149 1,
1555 1077 1592 1140 1.

338 1172 517 1252 Ἀλίμενοι,
540 1169 618 1229 loca
634 1178 745 1248 portu
765 1166 940 1245 carentia,
963 1169 1039 1230 loca
1060 1166 1287 1250 importuosa.
1332 1216 1350 1247 ‚,
1364 1162 1423 1228 Illa
1446 1170 1593 1253 altipeta

257 1262 354 1327 video
376 1262 435 1326 tihi
457 1284 520 1325 non
543 1260 712 1342 probari.'’
738 1264 780 1323 ad
801 1260 874 1324 Art.
898 1260 965 1324 lX.
990 1262 1046 1336 13,
1072 1261 1105 1325 5.

335 1357 436 1443 ’Ἀλις
470 1357 581 1444 δρυός,
617 1355 705 1421 tatis
731 1376 897 1441 quercus,
928 1356 1139 1437 proverbium
1169 1356 1207 1419 de
1236 1357 1353 1438 priscis
1380 1353 1588 1437 hominihus,

257 1450 313 1535 qui
339 1452 467 1516 iuventa
494 1451 592 1534 fruge
621 1451 751 1536 glandes
779 1449 1016 1535 relinquebant.
1070 1450 1193 1526 „Dices
1225 1452 1391 1519 fortassee
1426 1450 1591 1535 dignitatis

140 1546 143 1563 '
258 1548 333 1624 ἅλις
351 1557 512 1632 tamquam
535 1545 652 1634 δρυός,
677 1546 797 1621 saluti,¹
811 1545 837 1608 si
860 1566 910 1608 me
933 1566 1035 1622 amas,
1059 1545 1227 1611 eonsule.’‘
1250 1550 1526 1626 11Α11.ΙῙ.19,
1553 1554 1590 1615 1.

256 1747 340 1801 1111.
365 1739 450 1803 Eun.

333 1833 431 1910 ’Ἅλις
454 1836 614 1912 σπουδῆς,
639 1830 725 1895 satis
746 1828 855 1894 studii
876 1840 910 1897 et
931 1850 1070 1911 operae.
1112 1830 1152 1895 ad
1173 1832 1245 1896 Att.
1267 1832 1316 1897 II.
1339 1840 1370 1910 1,
1396 1836 1428 1901 8.

337 1929 523 2009 ‘Alternis’
542 1926 701 2001 humitis,
722 1927 863 2008 planus.
901 1924 988 2006 „Me
1009 1921 1114 2005 ipsum
1132 1924 1256 1988 nescire
1271 1927 1458 2007 arbitraris,
1482 1942 1595 1995 utrum

259 2023 360 2108 magis
381 2023 512 2087 tumulis
534 2033 774 2106 prospectuque
796 2040 836 2083 au
859 2017 1072 2085 ambulatione
1087 2021 1425 2087 ἁλι1111111111111.”
1455 2026 1496 2089 ad
1513 2027 1593 2091 Att.

256 2118 359 2185 XIV.
384 2119 444 2194 13,
470 2121 501 2181 1.

335 2212 498 2297 ’Ἄλκιμος
526 2211 596 2276 i'oo'
625 2216 681 2277 ἵνα
708 2222 755 2287 τίς
780 2236 817 2276 σε
840 2220 897 2274 καὶ
918 2208 1088 2293 ὀψιγόνων
1113 2204 1151 2278 εὖ
1176 2216 1256 2296 εἴπῃ.
1301 2215 1470 2278 Strenuus
1490 2225 1593 2291 1110,

256 2330 325 2393 quo
346 2320 379 2373 11
400 2320 434 2371 11
458 2306 696 2390 posteriorum
723 2305 868 2404 (eorpm
889 2305 948 2389 qui
966 2315 1048 2387 post
1069 2304 1280 2388 nascentur)
1305 2307 1428 2393 aliquit
1455 2307 1592 2373 laudet.

257 2404 297 2475 ad
318 2402 410 2466 Fam.
434 2401 536 2466 ΧΙΙΙ.
560 2401 620 2475 15,
646 2402 677 2463 1.
702 2420 743 2464 ex
764 2399 901 2463 Homeri
923 2399 1043 2478 Odyss.
1067 2425 1107 2474 α,
1132 2398 1208 2462 302.

336 2498 428 2564 Ἀλλ’
450 2506 518 2562 αἰεί
538 2523 612 2561 τινα
634 2498 732 2577 φῶτα
753 2507 876 2578 μέγαν,
907 2493 969 2557 ted
989 2513 1126 2577 semper
1148 2494 1262 2558 uirum
1288 2496 1439 2582 aliquem
1466 2496 1592 2581 ingen-

254 2603 341 2667 tem,
372 2612 415 2655 ex
436 2589 573 2655 Homeri
596 2589 718 2670 Odyss.
749 2618 779 2664 ι,
816 2589 892 2653 513.
936 2588 1147 2673 „Exhaustus
1170 2599 1219 2651 est
1239 2610 1345 2655 sermo
1368 2587 1533 2654 hominum
1559 2601 1593 2654 et

255 2685 374 2749 multae
402 2685 534 2749 emissae
557 2685 619 2749 iam
641 2683 797 2749 eirumodi
819 2703 935 2757 voees,
967 2685 1037 2748 ἀλλ’
1055 2691 1122 2748 αἰεί
1146 2709 1221 2748 τινα
1243 2688 1339 2765 φῶτα
1362 2696 1478 2768 μέγαν·
1506 2705 1589 2768 quae

257 2792 291 2845 te
313 2782 444 2844 absente
466 2777 613 2843 conlecta
637 2798 708 2841 esse
729 2777 848 2841 laetor.
858 2776 877 2805 ’'
922 2779 960 2838 ad
985 2777 1028 2859 Q.
1053 2775 1096 2839 sr.
1118 2775 1147 2839 Ι.
1172 2798 1225 2858 ep.
1250 2778 1337 2841 2.1.
1362 2782 1400 2850 1,
1426 2777 1459 2841 2.

265 2920 268 2927 ‚
333 2872 445 2939 ”Atta
465 2871 1303 2958 μὲναῠτός,”Αλλαι11καιδαιμωνῦποδήσεται.
1348 2872 1432 2937 Alia
1454 2873 1594 2959 quidem

256 2968 330 3050 ipae
351 2966 445 3049 (scil.
468 2965 718 3050 excogitabo),
747 2964 821 3029 alia
841 2976 958 3029 autem
979 2967 1032 3027 uel
1052 2965 1137 3029 deus
1158 2976 1339 3051 suggeret.
1363 2968 1404 3043 ad
1424 2970 1498 3040 Att.
1521 2970 1590 3032 tx.

258 3063 318 3138 15,
343 3063 441 3127 hex
464 3060 602 3126 Homeri
624 3061 745 3140 Odyss.
769 3088 806 3145 y,
843 3061 883 3123 21
906 3059 1014 3124 1127.

338 3157 447 3223 Ἀλλὰ
468 3157 509 3221 τοὶ
526 3168 586 3241 μὲν
604 3156 827 3240 προτετύχθαι
850 3156 1010 3240 ἐάσομεν,
1035 3154 1214 3240 ἀχνύμενοί
1234 3180 1311 3241 περ,
1329 3155 1392 3220 sed
1412 3159 1497 3221 haee
1512 3156 1590 3243 qui·

257 3255 351 3330 dem,
377 3273 466 3337 quae
483 3262 564 3315 ante
585 3261 665 3317 acta
690 3261 788 3326 sunt,
811 3250 1028 3327 omittemus,
1058 3249 1135 3317 licet
1155 3271 1236 3315 aum
1257 3271 1428 3315 maerore.
1452 3254 1492 3315 ad
1513 3250 1590 3315 Au.

255 3349 339 3414 Vll.
363 3350 399 3422 1,
426 3346 457 3410 9.
482 3347 530 3409 Χ.
556 3345 613 3427 12,
638 3346 670 3409 1.
694 3365 735 3407 ex
757 3344 895 3408 Homeri
916 3343 1009 3408 Iliad.
1033 3371 1073 3419 σ,
1101 3345 1174 3408 112.
1199 3357 1288 3420 etr,
1318 3345 1373 3409 65.

338 3443 430 3509 Ἀλλ’
453 3441 534 3525 ἐμὸν
553 3438 670 3506 οὔποτε
685 3439 793 3522 θυμὸν
809 3449 858 3504 εἰὶ
877 3438 1054 3518 στήθεσσιν
1075 3438 1208 3515 inalbat.
1226 3443 1406 3526 Πατρίδος.
1453 3440 1492 3504 ad
1513 3439 1594 3505 Att.

177 3550 194 3569 “
256 3536 343 3601 VII.
368 3539 403 3610 1,
437 3536 470 3598 2.
524 3534 611 3598 Ante
639 3538 795 3621 πατρίδος
815 3533 930 3616 supple
953 3553 994 3595 ex
1016 3532 1151 3599 Homeri
1175 3531 1296 3612 Odyss.
1320 3562 1352 3610 ι,
1384 3534 1439 3598 31.
1463 3537 1507 3611 ὥς
1533 3538 1597 3601 οῦ-

258 3637 312 3697 δὲν
327 3631 460 3714 γλῦνοον
477 3628 536 3711 'it‘
558 3628 629 3694 Sed
648 3649 763 3693 meum
783 3618 967 3712 nunquam'
981 3625 1138 3693 animum
1158 3629 1196 3690 in
1215 3639 1357 3712 pertore
1373 3626 1597 3712 permovisti.

257 3726 361 3795 Nihil
381 3724 473 3789 enim
494 3723 629 3789 dulcius
647 3722 769 3806 patria
788 3743 867 3786 sua.

340 3821 433 3887 Ἀλλ’
456 3819 538 3903 ἐμὸν
559 3816 695 3883 οὔποτε
722 3817 829 3901 θυμὸν
852 3826 902 3882 ἑνὶ
923 3816 1102 3897 στήθεσσιν
1125 3815 1274 3883 ἔπειθεν·

340 3918 405 3992 Ὣς
426 3921 545 3997 νεφέλη
569 3913 714 3994 ἐκάλυψε
733 3918 884 3995 μέλαινα.
1516 3987 1524 3995 Γ

258 4009 328 4078 Sed
365 4030 480 4072 meum
511 4026 689 4090 nunquam
719 4005 877 4071 animum
908 4005 946 4068 in
973 4013 1114 4086 pectore
1147 4001 1314 4094 inflexitx
1355 4003 1463 4071 nubes
1496 4005 1601 4070 enim

260 4105 398 4189 tegebat
419 4114 513 4166 atra.
564 4103 603 4165 ad
624 4101 717 4164 Fam.
741 4099 844 4165 Xlll.
870 4099 927 4175 15,
960 4100 990 4160 1.
1015 4116 1057 4160 ex
1084 4097 1223 4173 Homeri
1253 4098 1374 4178 Odyss.
1396 4125 1435 4177 η,
1467 4097 1532 4179 258
1566 4113 1607 4166 11

260 4227 303 4275 ω,
335 4198 410 4262 315.

343 4294 568 4378 Ἀλληγορίοι,
602 4288 790 4374 allegoria,
825 4287 929 4371 figura
959 4284 1136 4351 rhetorica.
1191 4284 1284 4358 „Iam
1321 4305 1392 4349 aum
1427 4285 1609 4355 fluxerunt

261 4387 371 4471 plures
401 4386 570 4450 continuae
600 4383 845 4457 translationes,
883 4380 942 4443 alia
968 4380 1063 4462 plane
1095 4379 1132 4442 fit
1169 4376 1289 4443 oratio.
1343 4378 1459 4462 Itaque
1492 4399 1609 4464 genus

259 4484 325 4545 hou
349 4478 468 4545 Graeci
493 4480 653 4562 appellant
683 4480 902 4559 ἅλληγορίοιν,
934 4473 1061 4537 nomine
1092 4483 1197 4545 recte,
1232 4492 1351 4555 genere
1378 4471 1490 4539 melius
1521 4474 1606 4556 tue,

262 4577 318 4661 qui
342 4574 404 4639 ista
427 4574 530 4638 omnia
553 4571 780 4637 translationes
800 4566 933 4632 voeat.'’
979 4567 1102 4633 Orator
1126 4567 1187 4641 27,
1210 4565 1264 4630 91.

344 4673 580 4757 Ἀλληγοριαι,
612 4665 716 4751 verba
741 4661 851 4725 alium
871 4681 1010 4725 sensum
1034 4681 1261 4745 quamquem
1283 4681 1373 4743 prae
1400 4679 1437 4722 se
1450 4657 1607 4748 ferunt

260 4764 453 4829 habentia..
479 4762 671 4844 ‚,Posthaa,
700 4756 728 4819 si
754 4764 847 4818 erunt
869 4753 944 4816 mihi
965 4754 1057 4836 plura
1077 4756 1117 4816 ad
1138 4766 1169 4817 te
1194 4752 1380 4832 scribenda,
1410 4756 1605 4850 οἶλληγορι.
1650 4810 1657 4825 ,

261 4886 316 4937 αις
340 4854 563 4922 obscurabat
608 4855 647 4915 ad
670 4852 742 4916 Au.
765 4847 815 4914 11.
839 4846 898 4923 20,
921 4846 952 4911 3.
