3220 5572
267 396 276 402 ·
313 374 354 445 ss
718 356 721 357 *
871 360 1053 481 'tutotx

313 543 366 605 ap.
390 521 476 587 Plio.
500 519 670 587 XXXIV.
695 521 728 585 8.
751 531 800 585 est
823 521 958 606 Iupiter
980 515 1101 606 σωτήρ.
1145 518 1291 597 Scilicet,
1314 520 1469 588 servator
1492 529 1531 589 et
1547 550 1589 594 on

314 618 390 703 τήρ,
423 628 577 701 quatenus
606 637 624 678 a
654 614 742 679 malis
777 626 809 679 et
836 616 985 698 periculis
1012 617 1144 680 liberat:
1174 628 1209 679 ut
1231 615 1355 680 Plinius
1374 618 1434 681 loc.
1458 616 1507 681 eit.
1531 620 1589 684 Peu-

314 723 421 774 cesten
438 720 533 774 vocat
556 709 733 774 Alexandri
760 714 998 785 resonarem,
1033 710 1106 792 quia
1135 710 1232 774 morti
1255 708 1389 791 cripuit;
1420 732 1480 774 aon
1499 723 1588 786 suun,

312 817 466 961 protenus
491 804 599 891 σωτήρ
623 805 702 867 idem
730 815 778 866 est
802 798 981 890 εὐεργέτης,
1004 803 1057 887 qui
1082 820 1142 868 uos
1160 803 1336 867 commodis
1354 810 1449 888 auget
1465 810 1496 866 ct
1514 818 1588 869 oront.

345 919 392 961 nm
414 902 515 964 Soter
535 909 584 961 cst
607 896 709 970 idem,
739 898 792 981 qui
815 901 1010 985 Euergeta,
1041 910 1094 961 sort
1118 899 1213 980 paulo
1235 898 1324 981 plns,
1356 909 1388 959 et
1408 898 1542 961 interdum
1560 899 1589 961 sl·

310 1002 412 1054 terum
443 1013 504 1075 pro
536 991 638 1054 altero
668 991 812 1074 ponitur.
858 992 911 1055 Sic
936 1014 970 1055 r.
999 1015 1028 1057 c.
1059 992 1181 1072 Polyb.
1206 993 1249 1057 L.
1270 992 1318 1055 V.
1340 1012 1375 1074 p.
1397 991 1467 1055 500.
1488 1012 1589 1057 conns·

312 1096 435 1163 morat,
468 1084 667 1169 Antigonum
698 1086 854 1148 'l'utorem
883 1106 948 1149 non
977 1086 1080 1149 solum
1111 1085 1218 1150 vivtrm
1247 1108 1316 1151 esse
1341 1086 1588 1169 Euergetamtn·

311 1180 482 1267 pellectum,
506 1182 562 1243 sed
584 1178 675 1242 etiam
695 1183 820 1245 Satera
841 1191 916 1260 post
941 1192 1087 1244 mortem.
1126 1178 1221 1245 Adde
1242 1181 1342 1248 Dion.
1369 1184 1459 1251 Cass.
1481 1184 1518 1247 L.
1537 1179 1604 1243 Lllu

310 1294 387 1359 pag.
412 1272 505 1351 493„
528 1273 581 1336 ubi
598 1274 769 1337 Maecenas
792 1273 835 1336 ait
856 1271 964 1337 Patris
991 1285 1022 1336 et
1049 1274 1173 1337 Soteris
1197 1296 1312 1339 nonren
1339 1292 1528 1362 accepturum
1546 1274 1588 1338 te

312 1372 439 1451 guuum
462 1389 502 1433 ex
524 1366 659 1448 imperio
680 1369 777 1443 iusto,
802 1387 917 1451 aequo,
937 1367 1013 1431 leni.
1058 1368 1145 1432 Eur.
1197 1368 1254 1433 Cl.
1278 1370 1370 1435 etiam
1395 1369 1587 1452 inscriptionem

310 1463 484 1547 bilinguem
513 1467 596 1545 apud
625 1464 777 1545 sponium
806 1461 881 1526 ltin.
912 1463 1009 1525 Tam.
1040 1462 1108 1526 Ill.
1138 1483 1172 1546 p.
1204 1464 1457 1530 tentandum
1482 1485 1496 1527 t
1520 1464 1588 1528 mro

311 1548 402 1620 todia
418 1557 502 1620 curris
523 1560 654 1621 sectend.
671 1559 700 1620 in
726 1555 928 1623 Plancianam
952 1578 988 1639 p.
1012 1554 1051 1617 dd
1074 1558 1191 1638 (repet.
1216 1556 1320 1622 Orell.
1344 1581 1373 1624 c.
1397 1562 1471 1639 19.).
1494 1558 1587 1622 Zourr.

395 1654 565 1739 Σώφρων,
597 1662 810 1736 temperans,
844 1651 1061 1724 moderatus,
1095 1650 1289 1727 modestus,
1319 1664 1494 1729 constans,
1517 1652 1587 1716 ronti·

300 1760 411 1823 mens,
443 1748 545 1812 homo
565 1745 694 1839 frugi.
746 1746 973 1832 Σωφροσύνη,
1003 1743 1251 1826 temperantia,
1284 1747 1492 1827 moderatio,
1514 1744 1587 1808 modo

312 1843 400 1917 stin,
412 1840 631 1935 frugalitas.
676 1839 782 1914 ,Veri
805 1839 899 1902 etiam
926 1837 1027 1901 similo
1051 1836 1129 1900 illud
1153 1850 1221 1913 est,
1253 1839 1307 1923 qui
1327 1840 1368 1903 sit
1393 1832 1604 1924 temperans-l

311 1959 404 2021 quern
431 1937 546 2000 Graeci
570 1934 731 2021 σώφρονα
756 1934 917 2016 appellant
939 1952 1070 2016 eamque
1087 1931 1235 1998 virtutem
1255 1937 1475 2018 σωφροσύνην
1495 1940 1584 2005 vocent,

312 2050 404 2113 quam
429 2030 521 2094 soleo
540 2028 685 2114 equidem
708 2040 773 2091 tum
794 2026 1058 2109 temperantiam
1078 2036 1145 2088 tum
1167 2027 1441 2094 moderationem
1458 2026 1581 2113 appellen,
1603 2054 1604 2065 ¹

311 2138 535 2209 nonnunquam
567 2122 660 2186 etiam
685 2121 906 2195 modestiam
929 2122 984 2183 sed
1011 2121 1093 2182 harod
1113 2119 1180 2185 scio
1204 2142 1242 2184 su
1261 2134 1348 2186 recte
1371 2144 1410 2188 ea
1429 2125 1521 2187 virtus
1531 2118 1604 2212 jon.

312 2219 442 2303 galitas
465 2216 618 2299 appellari
641 2214 760 2299 possit,
786 2218 873 2299 quod
893 2212 1058 2299 augustius
1075 2217 1157 2294 ap'ud
1181 2216 1329 2280 Graecos
1350 2220 1451 2293 valet,
1474 2208 1586 2299 quiirogi

310 2312 454 2376 hominos
475 2322 656 2400 χρησίμους
681 2311 858 2391 appellant,
889 2309 1007 2384 idest,
1040 2313 1260 2374 tantummodo
1287 2310 1402 2387 utiles;
1437 2309 1604 2395 atilludot

311 2405 422 2468 latinos:
454 2408 555 2470 omnis
580 2405 661 2467 enim
685 2401 889 2478 abstinentia,
919 2403 1022 2466 omnis
1047 2403 1227 2468 innocentia
1242 2438 1291 2453 »-
1313 2435 1354 2449 -
1375 2404 1511 2490 reliquas
1532 2398 1604 2493 etita}

312 2497 447 2564 virtutes
469 2498 637 2585 frugalitas
660 2495 836 2561 continet.'’
859 2498 959 2561 Tusc.
976 2498 1044 2562 Ill.
1061 2499 1091 2578 8,
1109 2498 1160 2562 16.
1187 2496 1288 2563 Comi.
1304 2501 1409 2565 Totae.
1426 2500 1489 2563 IV.
1505 2495 1546 2570 ll,
1557 2488 1587 2553 ll·

917 2716 921 2723 ·
952 2684 1000 2766 T.

399 2880 524 2961 Ταγοί,
544 2877 661 2941 duces.
704 2875 825 2959 ,Ergo
849 2873 965 2938 erimus
982 2876 1105 2940 ὀπαδοί
1112 2873 1202 2958 ,qni
1223 2884 1318 2958 rapot
1336 2888 1408 2938 esse
1430 2862 1589 2940 nototno?''

314 2973 354 3036 ad
375 2972 448 3037 Art.
472 2970 539 3035 lV.
565 2971 601 3048 6,
626 2971 658 3034 2.

399 3065 452 3130 Τὰ
477 3064 563 3130 κατὰ
591 3076 709 3152 μέρος,
739 3065 879 3148 singula
900 3082 1064 3148 quaeque.
1110 3062 1182 3141 „De
1205 3058 1367 3127 Marcello
1400 3046 1589 3144 scripserttsl

312 3180 362 3223 me
384 3157 516 3223 Cassius
540 3170 650 3233 antea;
674 3158 714 3223 rol
739 3157 826 3224 κατὰ
839 3170 938 3243 μέρος
960 3154 1130 3220 Servius.‘'
1174 3156 1213 3218 ad
1235 3163 1308 3221 Ate.
1332 3152 1437 3221 xlll.
1461 3156 1514 3230 m,
1532 3151 1556 3214 l.
1571 3208 1604 3251 ..t

400 3254 453 3318 Tol
480 3253 557 3319 κενὰ
584 3256 642 3318 τοῦ
664 3259 824 3338 πολέμου,
860 3254 979 3316 inanes
1012 3263 1164 3314 terrores
1193 3250 1282 3314 belli.
1339 3251 1439 3333 „Scis
1466 3249 1537 3315 enim
1557 3243 1604 3301 du

313 3351 463 3433 quaedam
486 3347 642 3424 Πανικᾶ,
665 3345 727 3409 dici
749 3347 821 3410 item
848 3346 889 3413 τὰ
913 3345 990 3412 κενὰ
1011 3349 1070 3412 τοῦ
1093 3342 1275 3429 πολέμου.”
1298 3346 1337 3406 ad
1360 3347 1433 3408 Att.
1450 3342 1502 3425 Ν.
1521 3331 1591 3410 2⁰23·

399 3445 451 3509 To
475 3442 659 3524 κεφάλαια,
692 3442 820 3525 capita.
876 3489 891 3515 „
902 3444 977 3527 Ego
1000 3452 1102 3503 autom
1126 3438 1162 3502 “et
1188 3438 1256 3501 cius
1280 3436 1489 3517 (Posidonii)
1516 3434 1604 3525 mmm}

315 3536 465 3601 arcessivi
496 3548 527 3598 et
554 3538 593 3600 ad
618 3537 867 3599 Athenodorum
890 3534 1025 3601 Calvum
1047 3531 1179 3616 scripsi,
1213 3545 1248 3596 ut
1270 3535 1309 3596 ad
1331 3554 1380 3597 me
1405 3536 1445 3600 roi
1467 3528 1604 3623 eradiat,

314 3628 495 3695 mitteret.'’
539 3628 876 3707 adutt.xvl.11‚
907 3632 939 3693 lo.
1603 3630 1604 3701 j

395 3724 450 3789 Τὰ
474 3736 535 3808 μὲν
552 3723 717 3807 διδόμενα.
763 3722 848 3796 ,Me
875 3721 1062 3810 obiurgavit
1084 3730 1194 3786 vetere
1216 3718 1416 3804 proverbio,
1441 3720 1480 3787 rol
1503 3725 1552 3804 pit
1567 3710 1604 3770 ⁸⁸¹³

312 3816 474 3904 demean*
519 3818 558 3880 ad
579 3820 650 3881 An.
674 3816 737 3881 Vl.
762 3817 803 3891 5,
828 3816 861 3882 2.
906 3819 945 3881 nd
967 3818 1038 3882 Aet.
1064 3812 1146 3881 XV.
1165 3821 1229 3892 17,
1257 3816 1289 3879 1.
1334 3800 1604 3885 Proveroinotnj

312 3913 354 3976 lta
378 3911 503 3994 expleri
533 3932 551 3974 e
576 3910 723 3975 Platonis
752 3911 878 3997 Gorgia
905 3911 961 3995 [p.
986 3912 1075 3989 tot„
1099 3908 1219 3976 Crnbi
1237 3909 1302 3973 vid.
1326 3900 1484 3991 Herode]
1504 3905 1604 3990 potest?

313 4008 432 4091 τὰμὲν
451 4005 607 4092 διδόμενα
632 4005 760 4088 ἀνάγκη
790 4009 961 4084 δέχεσθαι,
986 4027 1075 4091 quae
1096 4004 1226 4069 dantur
1240 4022 1373 4067 necesse
1396 4014 1449 4067 est
1468 3997 1604 4079 oeeipenr

314 4100 368 4165 Sic
383 4098 575 4185 obiurgabat
591 4096 783 4164 Philotimus
803 4100 991 4165 Ciceronem
1015 4098 1053 4162 de
1074 4100 1251 4164 rationibus
1271 4096 1408 4161 turbatis
1431 4100 1592 4182 quaerentem

313 4194 507 4277 volebatque
541 4191 734 4259 Ciceronem
770 4214 808 4257 ex
842 4212 882 4257 eo
911 4192 1090 4278 proverbio
1122 4193 1299 4259 rationibus
1331 4188 1424 4255 editis
1453 4190 1593 4252 contentu

312 4307 396 4351 esse.
441 4286 528 4352 Ean.
1308 4336 1310 4339 ,

400 4383 453 4447 Τὰ
474 4393 534 4466 μὲν
554 4376 613 4448 οὖν
634 4385 708 4447 καθ’
736 4384 823 4467 ἡμᾶς
845 4381 937 4461 eddi,
961 4405 1049 4471 quae
1067 4384 1177 4466 igitur
1197 4381 1245 4445 ad
1258 4402 1323 4447 nos
1335 4380 1530 4466 pertinent,
1544 4370 1604 4481 lael}

288 4487 407 4540 ·suut.
450 4479 490 4537 ad
511 4476 603 4539 Fam.
626 4476 728 4541 XVI.
752 4476 810 4553 21,
835 4479 868 4542 5.
1347 4529 1350 4533 .
1603 4506 1604 4531 t

400 4570 605 4658 Ταξιάρχης,
640 4570 773 4634 ordinis
799 4571 894 4646 dosa,
927 4568 1094 4637 centurio.
1151 4562 1340 4656 ,Anagnini
1367 4572 1458 4643 soror,
1493 4552 1599 4658 Minuit

315 4663 492 4750 ταξιάρχης
512 4676 543 4727 et
559 4658 670 4738 Laco,
694 4655 751 4749 qui
767 4663 937 4745 plurimum
955 4664 1069 4730 bibit.''
1113 4668 1152 4728 ad
1173 4668 1245 4729 An.
1268 4660 1369 4729 XVl.
1393 4662 1452 4738 11,
1480 4657 1509 4722 3.
1545 4646 1598 4714 Vol·

315 4757 511 4822 Perizonius
533 4758 573 4821 ad
596 4758 720 4823 Aelian.
746 4758 794 4823 V.
818 4756 864 4822 H.
888 4758 923 4821 ll.
955 4761 1009 4822 m.
1062 4760 1234 4843 spanhem.
1260 4762 1299 4822 ml
1320 4757 1437 4822 Iulian.
1461 4752 1517 4817 or.
1537 4745 1561 4810 1·
1577 4761 1598 4819 Ρ·

317 4853 400 4926 250,
435 4850 526 4918 Care
544 4864 647 4916 aretem
665 4864 759 4936 putes
781 4853 914 4938 proprie
935 4846 1109 4918 Mustelam
1132 4855 1201 4918 sive
1222 4851 1457 4927 centurionem,
1480 4844 1541 4911 sire
1560 4832 1598 4900 tri·

1603 4950 1604 4989 t
