3338 5584
316 350 381 413 aaa
720 347 872 411 mnex
893 322 1246 408 noanonuanm.

319 490 487 571 ratoris,
521 486 700 552 consulis
723 483 942 568 designati,
976 482 1234 563 propositum
1258 481 1330 554 sit,
1362 482 1599 542 senatnmexi-

320 583 497 657 stimate,
527 581 572 644 D.
597 581 784 651 Brutum,
808 577 1121 655 imperatorem,
1146 572 1354 637 consulem
1378 571 1599 653 designatum,

321 674 476 756 optime
504 676 549 735 de
577 692 621 733 re
650 667 815 752 publica
852 664 1017 739 mereri,
1050 688 1132 727 oiim
1168 676 1331 727 senatus
1361 663 1602 726 auctoritates

318 763 543 848 populique
585 760 755 825 Romani
805 757 1041 820 libertatem
1091 755 1386 839 imperiumque
1437 754 1605 819 defoedata

320 858 514 1000 quodque
546 852 796 935 provinciam
831 849 1005 913 Galliam
1041 849 1299 922 citeriorem,
1339 847 1560 927 optimorum
1583 859 1607 908 et

345 946 640 1010 notissimorum
678 943 857 1006 virorum
897 939 1317 1022 amicissimorumque
1352 939 1422 1002 rei
1457 940 1607 1022 publicae

322 1038 490 1114 civium,
526 1034 835 1115 exercitumque
868 1032 905 1095 in
939 1043 1103 1093 senatus
1137 1033 1562 1113 potestateretineat,
1586 1028 1609 1089 il

324 1150 404 1193 cum
439 1129 748 1209 exercitumque
779 1126 880 1196 eius,
913 1123 1156 1204 municipia,
1190 1122 1382 1186 colonias
1411 1120 1610 1206 provinciae

324 1222 504 1296 Galliae,
537 1231 648 1283 recte
677 1230 795 1301 atque
830 1214 972 1279 ordine
1006 1236 1131 1297 exque
1162 1236 1203 1277 re
1235 1215 1402 1295 publica
1433 1214 1565 1278 secisse
1587 1223 1610 1272 et

323 1314 482 1377 lacere:
512 1323 691 1375 senatum
713 1312 758 1371 ad
779 1326 964 1370 summam
989 1327 1069 1368 rem
1092 1307 1290 1387 publicam
1314 1308 1522 1386 pertinere
1540 1304 1610 1367 arbi·

324 1404 449 1480 trari,
484 1403 569 1467 aD.
593 1404 722 1465 Bruto
750 1414 786 1465 et
816 1405 860 1465 ab
882 1405 926 1465 L.
952 1399 1107 1463 Planco
1136 1398 1478 1479 imperatoribus,
1509 1418 1610 1461 consu·

324 1496 434 1559 libus
457 1495 708 1579 designatis,
742 1494 920 1578 itemque
943 1516 960 1556 a
983 1491 1150 1565 ceteris,
1185 1491 1253 1575 qui
1282 1493 1520 1571 provincias
1539 1492 1612 1553 obti-

324 1599 433 1662 nent,
469 1587 656 1651 obtineri
686 1608 734 1649 ex
764 1592 855 1669 lege
884 1586 1010 1662 Iulia,
1045 1585 1174 1666 quoad
1209 1584 1611 1647 exsenatusconsulto

327 1678 470 1761 cuique
493 1700 630 1743 eorum
653 1699 886 1741 successum
910 1678 980 1751 sin
1016 1695 1169 1758 eosque
1190 1677 1286 1763 dare
1309 1696 1488 1757 operam,
1518 1689 1553 1737 ut
1570 1697 1613 1738 eae

326 1770 568 1852 provinciae
600 1770 893 1853 exercitusque
921 1768 961 1831 in
992 1767 1120 1829 senati
1149 1768 1377 1850 populique
1400 1769 1558 1832 Romani
1573 1790 1613 1849 po·

326 1873 473 1927 testate
495 1861 786 1944 praesidioque
808 1862 867 1924 rei
888 1860 1081 1943 publicae
1103 1860 1392 1941 sinta'cumque
1415 1881 1549 1941 opera,
1568 1861 1616 1921 vir

328 1967 432 2030 tute,
471 1953 650 2019 consilio
684 1951 727 2016 C.
762 1950 955 2016 Caesaris
989 1973 1224 2033 summoque
1256 1973 1456 2017 consensu
1489 1953 1614 2014 milituu

329 2058 630 2119 veteranorum,
666 2044 735 2125 qui
765 2044 850 2107 eius
885 2044 1173 2110 anactoritatem
1208 2046 1338 2107 secuti
1369 2050 1434 2111 rei
1468 2046 1616 2127 publicae

329 2137 534 2219 praesidio
557 2146 707 2199 suntet
729 2136 913 2211 fuerunt,
939 2158 955 2198 a
980 2135 1241 2219 gravissimis
1263 2138 1463 2217 periculis
1485 2139 1616 2222 populus

331 2232 533 2293 Romanus
556 2228 750 2291 defensus
773 2228 824 2289 sit
847 2239 884 2291 et
905 2231 980 2291 boc
1002 2239 1184 2308 tempore
1207 2230 1473 2306 defendatur3
1497 2245 1618 2309 cumqut

331 2319 443 2403 legio
466 2320 613 2383 Martia
636 2319 767 2383 Albae
793 2318 1050 2394 constiterit,
1085 2319 1122 2381 in
1157 2322 1379 2403 municipio
1410 2320 1617 2387 fidelissimo

331 2421 369 2474 et
388 2411 634 2487 fortissimo,
660 2432 829 2494 seseque
851 2414 898 2474 ad
919 2423 1085 2474 senatus
1116 2413 1405 2477 arictoritatern
1436 2412 1618 2501 populique

332 2502 504 2566 Romani
524 2504 756 2566 libertatem
780 2503 1023 2577 contulerit;
1046 2498 1495 2586 etquodpariconailio
1511 2507 1618 2568 eaden

332 2615 410 2676 que
439 2594 592 2657 virtute
620 2594 731 2677 legio
764 2607 907 2676 quarta
943 2616 1030 2670 usa,
1064 2598 1162 2657 duce
1183 2597 1226 2658 L.
1257 2599 1512 2682 Egnatuleio
1540 2612 1619 2677 quae

332 2697 465 2760 stone,
502 2686 586 2749 civi
615 2686 803 2770 egregio,
839 2698 1001 2749 senatus
1025 2686 1308 2751 auctoritatem
1332 2694 1554 2775 populique
1572 2689 1618 2749 llo·

334 2777 437 2840 mani
466 2778 695 2841 libertatem
725 2779 921 2841 defendat
950 2799 994 2840 ae
1022 2779 1272 2843 defenderit:
1310 2785 1472 2848 senatui
1494 2796 1618 2861 magon

333 2889 452 2932 curae
481 2890 572 2932 esse
599 2891 642 2931 ac
668 2870 779 2946 sore,
814 2881 854 2931 ut
882 2891 958 2951 pro
980 2871 1106 2932 tantis
1128 2891 1263 2935 eorum
1285 2873 1322 2935 in
1344 2895 1428 2936 rem
1458 2874 1619 2956 publicae

333 2959 487 3023 meritis
509 2963 688 3024 bonores
710 2962 765 3024 eis
787 2963 1019 3024 habeantur
1049 2963 1288 3046 gratiaeque
1315 2966 1566 3029 reserantur:
1590 2978 1620 3021 se

333 3051 440 3114 natui
461 3053 639 3132 placere,
664 3052 941 3135 utiC.·Pansa,
964 3053 1202 3128 A.Hirtius,
1228 3057 1421 3119 consules
1444 3050 1619 3138 designati

336 3163 418 3203 eum
442 3143 721 3224 magistratum
744 3143 934 3219 inissent,
959 3144 990 3206 si
1013 3145 1071 3206 eis
1093 3144 1319 3220 videretur,
1343 3150 1477 3228 primo
1500 3159 1619 3230 quoque

335 3243 518 3312 tempore
541 3234 585 3294 de
607 3234 667 3294 his
688 3235 811 3296 rebus
833 3238 880 3297 ad
902 3238 1002 3297 hunc
1025 3236 1211 3299 ordinem
1232 3240 1465 3315 referrent,
1489 3241 1541 3301 ita
1560 3232 1620 3297 utit

335 3345 380 3388 re
401 3323 567 3406 publica
588 3325 758 3408 fideque
780 3348 846 3389 suia
870 3328 1093 3392 videretur.
1138 3331 1282 3414 Philipp.
1306 3333 1343 3407 3,
1369 3335 1423 3396 15.

423 3418 638 3498 Quamobrem
654 3417 702 3480 hia
717 3419 839 3493 verbis,
858 3421 900 3483 P.
918 3417 981 3495 C.,
999 3422 1314 3485 senatusconsultum
1329 3426 1512 3487 laciendum
1528 3434 1621 3484 censeo:

337 3508 432 3575 Cum
455 3511 499 3574 D.
517 3511 667 3573 Brutus
688 3509 931 3590 imperator,
955 3513 1098 3575 consul
1122 3514 1376 3595 designatus,
1401 3512 1620 3598 provinciau

337 3601 511 3663 Galliam
540 3600 580 3662 in
608 3612 769 3664 senatus
797 3604 1027 3686 populique
1056 3605 1227 3667 Romani
1261 3618 1476 3689 potestate
1505 3612 1620 3669 teneat,

336 3712 500 3772 cumque
523 3693 748 3755 exercitum
771 3705 918 3757 tantum
942 3707 1014 3757 tam
1032 3692 1619 3780 brevitemporesumrnostulit

336 3783 650 3864 municipiorum
680 3784 1015 3869 coloniarumque
1049 3792 1290 3870 provinciae
1320 3791 1481 3855 Galliae
1514 3787 1620 3870 optim

240 3938 243 3942 ,
273 3944 276 3947 ,
338 3876 383 3937 de
404 3895 447 3937 re
476 3876 643 3956 publica
673 3878 837 3939 meritae
864 3880 1142 3964 inerentisque
1164 3883 1486 3965 conscripserit,
1510 3890 1621 3956 coulpe

337 3965 460 4028 raritz
499 3965 535 4027 id
558 3987 645 4028 eum
667 3978 783 4031 recte
805 3980 840 4030 et
863 3970 1009 4033 ordine
1031 3994 1163 4055 exque
1186 3976 1411 4056 republica
1434 3966 1622 4039 fecisseid

338 4078 414 4139 que
436 4056 481 4120 D.
505 4057 622 4120 Bruti
644 4061 1040 4139 praestantissimum
1073 4065 1257 4128 meritum
1286 4068 1323 4130 in
1350 4090 1426 4130 rem
1460 4064 1621 4149 publicu

341 4149 501 4210 senatui
528 4150 767 4233 populoque
796 4153 980 4216 Romano
1010 4168 1168 4237 gratum
1199 4178 1291 4220 esse
1319 4169 1358 4219 et
1379 4160 1492 4223 lore:
1530 4159 1623 4231 itaqu

338 4250 523 4303 senatum
546 4242 815 4324 populumque
837 4244 1056 4307 Romanum
1079 4247 1320 4313 existimare
1340 4250 1386 4313 D.
1410 4249 1527 4313 Bruti
1546 4247 1623 4321 impu

337 4332 494 4393 ratoris
516 4332 700 4394 consulis
723 4333 927 4416 designati
950 4357 1094 4417 opera,
1127 4341 1325 4416 consilio,
1350 4342 1516 4404 virtute
1535 4341 1623 4401 incre

339 4419 537 4502 dibilique
559 4423 697 4487 studio
719 4435 757 4486 et
778 4445 981 4491 consensu
1003 4432 1247 4511 provinciae
1270 4433 1430 4496 Galliae
1453 4433 1513 4495 rei
1532 4421 1623 4513 publ't

338 4531 408 4573 cae
431 4512 690 4578 difficillimo
712 4526 901 4597 tempore
922 4540 1010 4583 esse
1032 4525 1283 4587 subventum.
1314 4522 1462 4606 Philipp.
1479 4527 1515 4600 5,
1533 4515 1622 4595 aad·

423 4602 524 4680 Oetam
549 4608 594 4666 ob
613 4626 738 4669 caeream
760 4608 875 4671 iustam
898 4623 992 4694 atque
1009 4634 1172 4696 magnam,
1198 4626 1229 4678 et
1250 4619 1338 4699 quod
1360 4613 1622 4698 periculosissimi!

338 4691 431 4763 civile
455 4693 570 4757 bellum
597 4698 829 4785 maximumque
851 4703 1043 4767 humanitate
1067 4716 1098 4768 et
1120 4707 1274 4789 sapientia
1297 4729 1352 4771 sua
1374 4709 1429 4772 Μ.
1456 4707 1583 4791 Lepidus
1600 4697 1622 4759 tl
