3214 5586
183 398 244 464 eto
667 391 818 459 INDEX
840 391 1021 461 LEGUM.

76 602 91 630 ρ
183 538 305 606 Crasso
328 550 360 602 ct
382 535 445 603 Cn.
470 526 774 619 PompetojMagm
796 535 981 602 consulibus
1004 557 1034 599 a.
1057 555 1090 598 u.
1115 532 1190 599 698.
1213 531 1336 598 tribuit.
1382 535 1498 600 Atboc

182 655 292 716 parum
316 632 484 715 probabile
509 632 648 704 uidetur,
674 652 744 693 cum
767 630 817 692 isti
840 628 988 694 consules
1011 651 1105 714 quam
1128 630 1168 693 de
1189 640 1316 710 sumptu
1339 629 1497 694 minuendo

182 728 285 811 legem
315 727 474 797 ferendam
504 726 564 788 sibi
590 737 824 807 proposuerant
853 724 913 806 ipsi
936 723 1125 798 abiecerint,
1158 724 1255 785 rerba
1285 734 1385 786 aretem
1407 718 1517 788 Gellii=

182 833 213 885 et
236 823 398 887 Macrobii
420 833 452 885 et
474 820 563 887 Festi
586 820 764 883 necessario
787 821 825 881 ad
848 819 949 905 legem
973 819 1125 902 perlatam
1148 816 1317 881 referenda
1340 817 1411 881 sint.

352 1007 528 1075 Conuenit
550 1007 782 1091 sumptuaria.

247 1196 251 1203 -
270 1149 415 1229 „Postea
439 1152 480 1213 L.
497 1151 593 1214 Sulla
615 1148 752 1214 dictator
774 1150 818 1226 (a.
837 1148 991 1227 ιι.’672.),
1017 1169 1108 1223 cum,
1132 1146 1259 1233 legibus
1274 1144 1341 1211 istis
1362 1144 1503 1228 (Fannia

184 1254 215 1308 et
237 1242 389 1324 Licinio)
411 1243 473 1305 situ
493 1255 589 1325 atque
613 1240 701 1306 senio
721 1241 927 1316 oblitteratis,
958 1242 1100 1325 plerique
1124 1242 1153 1304 in
1178 1239 1376 1323 patrimoniis
1397 1239 1505 1321 amplis

183 1337 418 1412 helluarentur,
454 1349 484 1399 et
521 1336 668 1399 lauriliam
703 1337 933 1421 pecuniamque
966 1357 1054 1399 stram
1089 1335 1293 1417 prandiorum
1328 1332 1504 1419 gurgitibus

183 1432 394 1514 proluisseut,
430 1431 533 1514 legem
558 1433 598 1493 ad
623 1431 777 1512 populum
806 1429 895 1505 tulit,
931 1452 992 1514 qua
1015 1442 1140 1492 cautum
1171 1441 1236 1504 est,
1272 1439 1307 1492 ut
1340 1428 1503 1503 Kalendis,

183 1525 295 1591 laium
313 1524 498 1609 Nouisque,
522 1524 633 1588 diebus
653 1524 799 1587 ludorum
816 1537 847 1586 et
865 1523 956 1587 feriis
971 1524 1158 1608 quibusdam
1175 1523 1382 1588 sollemnibus
1396 1534 1506 1585 sester-

183 1620 246 1682 tios
274 1617 416 1701 tricenos
443 1620 473 1682 in
502 1640 635 1683 coenam
657 1618 816 1681 insumere
838 1616 887 1681 ius
913 1632 1119 1704 potestasque
1141 1630 1238 1693 esset,
1272 1618 1387 1681 ceteris
1410 1627 1506 1680 autem

183 1712 254 1776 aliis
276 1713 385 1789 diebus
409 1713 554 1775 omnibus
578 1734 642 1775 uon
664 1712 797 1797 amplius
820 1711 965 1775 ternos.’'
1009 1714 1053 1776 Α.
1078 1712 1202 1777 Gellius
1227 1710 1272 1776 II.
1296 1712 1358 1789 26,
1385 1717 1435 1776 11.

268 1807 364 1886 „Has
383 1806 527 1890 sequitur
549 1808 601 1869 lex
624 1807 784 1873 Cornelia
807 1818 837 1869 et
859 1805 928 1888 ipsa
949 1807 1161 1887 sumptuaria,
1186 1827 1279 1891 quam
1300 1806 1372 1869 tulit
1387 1808 1507 1871 coma·

181 1902 249 1965 litte
271 1903 368 1965 Sulla
388 1901 527 1964 dictator
547 1906 592 1977 (a.
616 1923 649 1964 u.
674 1900 781 1979 ott),
806 1899 837 1963 in
861 1922 1006 1983 quianon
1030 1902 1254 1964 conviviorum
1278 1896 1507 1986 magnificentia
1589 1896 1590 1903 '

181 1994 343 2079 prohibita
368 2006 416 2056 est
443 2015 501 2056 nec
525 1995 618 2078 gulae
641 1996 754 2058 modus
779 1995 900 2068 laetius,
927 2016 1037 2058 rerum
1061 1994 1184 2059 minora
1210 1995 1312 2077 pretia
1335 1997 1431 2057 rebus
1456 1990 1508 2053 im·

164 2154 167 2159 ,
179 2089 308 2173 posita:
346 2099 379 2151 et
402 2089 517 2171 quibus
543 2089 659 2165 rebius,
684 2088 725 2151 dii
748 2086 841 2151 honi!
876 2109 1036 2175 quamque
1058 2088 1228 2174 exquisitis
1250 2101 1282 2151 et
1301 2109 1403 2171 paene
1425 2086 1507 2152 inca·

181 2184 276 2269 gnitis
299 2183 469 2267 generibus
493 2182 694 2246 deliciarum!
725 2203 806 2265 quos
832 2182 898 2246 illic
919 2183 1023 2266 pisces
1049 2203 1192 2268 quasque
1216 2184 1334 2248 ollulas
1355 2182 1505 2247 nominat!

180 2289 335 2340 ettamen
358 2277 461 2359 pretia
482 2276 545 2341 illis
569 2277 690 2340 minora
712 2276 895 2340 constituit.
919 2276 1017 2342 ausint
1040 2277 1164 2352 dicere,
1191 2289 1225 2341 ut
1247 2277 1355 2342 vilitas
1377 2277 1505 2341 edulium

179 2368 302 2453 animos
324 2370 486 2458 hominum
509 2372 547 2433 ad
571 2372 727 2453 parandas
749 2370 959 2459 opsoniorum
983 2371 1093 2454 copias
1115 2370 1261 2434 incitaret
1279 2384 1312 2434 et
1335 2373 1431 2457 gulae
1446 2390 1507 2433 ser·

180 2464 249 2528 vire
280 2463 373 2527 etiam
403 2463 458 2548 qui
486 2465 596 2548 parvis
625 2475 731 2528 essent
756 2462 960 2529 facultatibus
989 2465 1156 2550 possent.''
1200 2466 1359 2532 Macrob.
1384 2468 1506 2532 Satura.

268 2650 335 2719 Τὸν
357 2655 416 2734 τῆς
433 2655 544 2744 ταφῆς
566 2648 718 2741 ὁρίζοντα
740 2648 800 2734 τὴν
823 2648 972 2736 δαπάνην
993 2650 1095 2740 νόμον
1116 2651 1217 2733 αὐτὸς
1238 2647 1509 2745 παρεισεννμοχὼς

117 2786 119 2791 ·
177 2748 306 2834 παρέβη
330 2745 374 2825 (ἰα
396 2746 511 2810 funere
527 2747 694 2828 Metellae)
715 2745 853 2833 μηδενὸς
868 2743 1085 2836 ἀναλώματος
1100 2745 1316 2861 φεισάμενος.
1337 2750 1509 2837 παρέβαινε

179 2843 214 2906 δὲ
243 2845 297 2907 καὶ
320 2837 362 2907 τὰ
384 2847 458 2925 περὶ
482 2842 542 2919 τῖς
563 2836 723 2918 εὐτελείας
745 2843 808 2907 τῶν
828 2844 963 2909 δείπνων
990 2838 1042 2910 ὑπ’
1069 2846 1173 2910 αυτοῦ
1196 2848 1380 2931 τεταγμένα
1402 2837 1508 2917 πότοις

178 2939 235 3001 καὶ
263 2934 466 3011 συνδείπνοις
488 2932 619 3024 τρυφὰς
645 2943 700 3000 καὶ
720 2936 931 3024 βωμολοχίας
955 2935 1066 3023 ἔχουσι
1086 2937 1283 3026 παρηγορῶν
1312 2935 1351 3003 τὸ
1372 2939 1506 3011 πένθος·

183 3028 351 3092 Plutarch.
376 3050 411 3091 v.
437 3028 543 3108 Syllae
566 3049 595 3091 c.
619 3029 672 3091 36.

265 3120 362 3185 Gellii
396 3132 427 3184 et
456 3122 619 3186 Macrobii
651 3124 689 3185 de
718 3124 778 3187 hac
809 3124 881 3210 lege
913 3124 1092 3189 testimonia
1125 3125 1208 3190 inter
1237 3147 1310 3191 sese
1343 3125 1508 3193 conciliare

178 3215 297 3280 studuit
320 3213 458 3299 Pighius
481 3216 582 3293 (Ano.
604 3217 704 3281 Rom.
727 3220 769 3282 Τ.
787 3219 851 3285 ΙΙΙ.
866 3241 903 3300 p.
920 3219 1029 3299 266.);
1050 3219 1107 3283 cui
1128 3220 1251 3285 minora
1272 3220 1381 3305 pretia
1405 3217 1509 3284 eduliis

177 3308 332 3391 imposita,
356 3330 423 3372 eam
453 3308 599 3375 videntur
627 3311 776 3376 habuisse
800 3312 881 3389 vim,
917 3323 952 3391 ut
978 3311 1031 3375 lex
1059 3316 1233 3379 observatu
1261 3328 1353 3380 esset
1374 3313 1507 3387 facIlior,

179 3401 301 3465 deliciis
323 3401 392 3466 istis
414 3401 446 3466 in
465 3403 544 3468 foro
572 3403 730 3493 venalium
751 3419 888 3489 propter
906 3405 1058 3470 vilitatem
1074 3412 1139 3471 non
1155 3410 1434 3491 comparentibusa
1456 3423 1509 3488 spe

179 3494 262 3559 Iucri
283 3496 428 3580 praecisa
450 3498 662 3563 obsoniorum
684 3499 894 3583 opiparorum
918 3499 1095 3566 artificibus
1118 3501 1470 3587 conquisitoribusque.

350 3687 508 3749 Anatim
529 3685 763 3770 sumptuaria.

266 3825 427 3900 „Praeter
451 3826 508 3889 has
537 3826 626 3911 leges
657 3816 841 3907 (Fanniam,
875 3828 1054 3907 Liciniam,
1091 3826 1292 3910 Corneliam)
1327 3829 1507 3897 Aemiliam

80 3974 84 3981 .
180 3938 310 4007 quoque
329 3920 522 3997 invenimus,
548 3943 610 4007 qua
629 3921 703 4008 lege
720 3944 784 3987 non
800 3933 943 4005 sumptus
958 3943 1150 4002 coenarum,
1172 3927 1229 3989 sed
1249 3926 1397 3991 ciborum
1415 3939 1510 4010 genus

180 4026 213 4080 et
235 4017 348 4077 modiis
370 4014 555 4095 praefinitus
578 4015 661 4080 estJ'
705 4018 750 4081 A.
773 4016 898 4082 Gellius
920 4018 969 4081 Π.
993 4018 1053 4093 24,
1080 4019 1132 4081 tt.

265 4109 380 4193 „Sulla
401 4120 529 4173 mortuo
549 4109 703 4193 Lepidus
719 4113 830 4175 consul
850 4116 894 4192 (a.
911 4111 1053 4190 mols.)
1073 4111 1178 4198 legem
1196 4113 1269 4176 tulit
1290 4125 1322 4178 et
1339 4115 1409 4199 ipse
1426 4113 1506 4177 edis·

114 4246 117 4255 =
178 4205 270 4269 riam.
321 4202 407 4269 Cato
437 4201 520 4266 enim
549 4205 787 4289 sumptuarias
821 4208 910 4292 leges
945 4207 1095 4271 cibarias
1134 4209 1309 4292 appellat.”
1360 4206 1506 4273 Macrob.

99 4358 103 4363 ,
182 4298 311 4362 Satura.
333 4298 382 4361 ll.
407 4297 460 4361 13.
482 4319 518 4380 p.
541 4297 616 4363 369.

268 4393 324 4455 Ad
344 4393 401 4455 M.
425 4390 611 4455 Aemilium
633 4398 803 4459 Scaurum
825 4394 986 4459 consulem
1004 4415 1034 4459 a.
1053 4418 1086 4460 u.
1107 4396 1182 4459 638.
1204 4398 1309 4483 legem
1332 4408 1505 4482 sumptuo-

180 4487 271 4550 riam
296 4486 345 4549 vel
367 4484 533 4548 cibariam
554 4486 700 4553 relerunt
723 4490 844 4553 Plinius
867 4488 954 4554 Hist.
975 4491 1052 4553 Nat.
1075 4491 1179 4556 VIII.
1203 4494 1261 4556 572

103 4577 104 4580 ’
287 4631 304 4663 ‚‚
315 4578 443 4643 Sorices
459 4592 490 4643 et
504 4579 593 4662 ipsos
608 4581 710 4645 hieme
727 4584 822 4647 condi
836 4594 950 4646 auctor
965 4595 1012 4647 eat
1026 4583 1175 4670 Nigidius
1190 4585 1271 4649 sicut
1287 4585 1402 4672 glires:
1426 4599 1502 4667 quos

224 4672 387 4738 censoriae
405 4674 495 4758 leges
515 4675 730 4761 princepsque
749 4679 805 4741 M.
826 4679 980 4741 Scauros
998 4677 1028 4740 in
1052 4681 1218 4744 consulatu
1241 4702 1303 4746 non
1325 4679 1389 4743 alio
1411 4676 1501 4740 modo

224 4768 334 4833 coenis
359 4770 505 4832 ademere
528 4790 621 4852 quam
644 4769 801 4833 conchilia
824 4780 878 4833 atrt
899 4791 939 4834 ex
962 4771 1025 4836 alio
1048 4775 1129 4838 orbe
1150 4786 1322 4840 convectas
1344 4769 1452 4837 aves·”

180 4875 212 4931 et
233 4863 382 4948 Scriptor
403 4864 443 4926 de
466 4862 541 4927 viris
563 4861 738 4929 illustribus
760 4886 787 4931 c.
812 4864 869 4929 72:
