3214 5586
624 388 776 453 rnnnx
797 336 979 456 annunt.
1402 338 1468 458 aaa
1550 351 1553 359 ’

135 531 371 614 exemplaribus
393 529 533 613 Appiani
553 530 607 593 lex
628 529 680 593 illa
704 530 798 613 prior
819 530 979 595 refertur:
1004 531 1118 615 negari
1137 552 1251 596 rursus
1273 534 1314 596 ab
1333 506 1384 597 'his
1406 555 1469 598 non

133 638 263 711 potest,
299 648 364 690 non
387 628 488 689 solum
515 627 687 689 obscurum
713 647 827 689 nomen
854 646 942 702 esse,
979 627 1034 689 sed
1064 639 1095 689 et
1123 626 1228 691 mendi
1260 628 1389 693 omnino
1419 651 1472 692 su·

75 755 78 761 ·
133 733 295 804 spectum.
341 722 383 783 Et
411 702 553 784 Rosinris
580 721 723 805 quidem,
759 733 979 805 argumentum
1001 719 1076 781 licet
1100 720 1180 805 legis
1202 743 1242 785 ex
1272 726 1383 786 eodem
1408 727 1472 788 hoc

132 817 276 897 Appiani
293 817 366 878 loco
382 818 590 896 depromens,
616 814 736 881 tribuni
758 827 862 878 tamen
886 837 999 878 nomen
1017 818 1058 878 ab
1076 815 1228 898 Appiano
1245 818 1361 880 editum
1376 820 1469 900 plane

132 911 212 973 uiuit
241 910 385 984 curavit3
420 912 476 975 sed
504 909 667 972 Baebiana
697 912 775 988 (non
803 910 880 971 satis
908 911 1001 975 video
1034 932 1100 992 quo
1135 910 1340 974 fundamento
1370 914 1470 992 nisus)

135 1005 298 1085 adpellans
321 1006 403 1067 hane
425 1005 544 1087 legem,
570 1016 734 1067 auctorem
757 1006 825 1065 etan
846 1007 902 1069 M.
925 1005 1012 1068 illurn
1035 1005 1199 1069 Baebium
1223 1008 1387 1087 perhibet,
1410 1008 1471 1071 'tri-

133 1102 252 1162 bunum
279 1100 382 1180 plebis
409 1109 441 1161 et
467 1098 666 1163 triumvirum
690 1098 838 1161 coloniae
859 1101 1081 1173 deducendae,
1116 1100 1207 1161 cuius
1235 1101 1352 1164 mentio
1379 1102 1416 1164 fir
1437 1102 1471 1165 in

133 1194 324 1278 fragmentis
353 1215 393 1256 ex
423 1214 518 1257 aenea
548 1193 655 1265 tabula
683 1196 766 1273 apud
792 1193 956 1276 sigonium
986 1192 1011 1255 l.
1033 1215 1065 1256 e.
1089 1205 1120 1255 et
1143 1196 1227 1274 apud
1250 1194 1401 1275 Pighium
1426 1199 1468 1261 T.

134 1290 201 1352 lll.
229 1309 264 1369 p.
296 1289 348 1352 63.
396 1288 499 1365 Puto,
529 1290 618 1371 quod
638 1296 671 1348 et
692 1286 754 1367 ipsi
776 1308 960 1367 persuasum
989 1287 1066 1362 luit,
1101 1289 1267 1370 Spurium
1296 1290 1470 1353 Thorium

134 1386 199 1445 hoc
223 1384 297 1447 loco
320 1383 460 1446 sortasse
481 1380 674 1444 nominatum
698 1384 738 1444 ab
761 1381 911 1463 Appiano
934 1380 1053 1457 fauisse,
1090 1386 1146 1445 sed
1172 1403 1339 1465 perperam
1363 1387 1403 1446 al>
1430 1406 1469 1448 eo

134 1477 278 1559 priorem
293 1478 375 1543 hanc
388 1476 491 1559 legem
507 1478 544 1537 ad
560 1497 630 1537 eum
647 1474 807 1537 tribunum
821 1476 963 1547 relatam,
980 1475 1034 1559 qui
1050 1477 1241 1558 posterioria
1260 1476 1341 1561 legis
1356 1489 1470 1541 auctor

134 1572 261 1638 fuisset.
307 1571 521 1644 Maznchius,
549 1569 663 1632 Rosiui
685 1569 889 1631 coniecturae
909 1569 1027 1632 nullam
1052 1570 1240 1633 mentionem
1260 1570 1401 1644 iaciens,
1424 1572 1472 1634 in·

136 1667 229 1728 terim
260 1668 332 1727 darm
363 1667 401 1727 de
431 1686 511 1727 vero
542 1664 682 1727 arrctoris
712 1663 836 1726 nomine
866 1664 983 1725 certius
1013 1664 1088 1746 quid
1113 1663 1211 1729 fucrit
1248 1676 1467 1747 cornipes-tum,

135 1761 280 1826 Roriam
307 1761 388 1820 hane
417 1759 520 1837 legem
549 1759 766 1839 adpellandaur
796 1779 865 1820 esse
894 1758 1062 1832 iudicarim
1096 1758 1240 1842 quamvis
1266 1780 1330 1820 non
1356 1773 1468 1843 neget,

132 1856 220 1928 barad
247 1853 323 1916 satis
342 1856 536 1915 emendatam
564 1852 698 1935 nominis
720 1850 805 1913 illius
826 1851 1016 1932 scripturam
1040 1854 1125 1934 apud
1146 1851 1326 1933 Appianum
1355 1855 1469 1919 videri.
1497 1864 1509 1895 ⁹

135 1949 187 2013 De
213 1947 301 2011 curius
327 1947 544 2011 emendatione
572 1949 665 2009 hasce
692 1946 894 2010 coniecturas
919 1946 969 2008 vir
992 1949 1106 2011 doctus
1128 1949 1323 2029 proposuit,
1358 1962 1409 2026 ut,
1442 1952 1471 2014 si

135 2045 254 2127 gentile
278 2063 391 2107 nomen
415 2042 570 2121 fingamus
593 2042 758 2123 Spurium
784 2062 870 2115 ease,
904 2045 1008 2123 (quod
1034 2042 1186 2123 exemplis
1219 2064 1281 2121 nou
1308 2056 1415 2107 careat
1438 2045 1470 2107 iu

136 2137 268 2203 Gruteri
296 2147 329 2198 ct
353 2136 527 2199 Muratorii
549 2136 746 2214 indicibus‚)
776 2155 954 2219 cognomen
979 2131 1136 2221 Briprou
1159 2136 1241 2199 dicat
1264 2138 1295 2199 in
1316 2139 1471 2203 Burrum

133 2233 226 2297 facile
249 2251 348 2311 posse
370 2231 502 2313 reliugi:
525 2230 551 2292 si
575 2251 767 2311 praenomen
788 2228 884 2291 luerit
907 2231 1077 2311 Spurius,
1103 2252 1198 2311 posse
1223 2231 1327 2316 gentis
1353 2252 1469 2296 aionien

135 2326 284 2391 Burs-ius
306 2346 387 2387 esse.
433 2324 578 2408 Denique
601 2323 748 2403 proxime
776 2346 793 2384 a
820 2344 898 2386 vero
922 2327 1032 2386 abesse
1056 2335 1161 2404 putat,
1196 2327 1222 2387 si
1246 2320 1407 2413 Βόριος
1428 2347 1470 2388 ex

133 2418 293 2507 Βάριος
315 2431 501 2498 corruptum
522 2429 714 2490 statuamus,
739 2412 897 2503 Βάριος
919 2430 1022 2480 autem
1046 2439 1108 2500 pro
1128 2414 1306 2504 Oricipsoc
1329 2420 1468 2501 positum

134 2515 332 2600 cogitemus,
358 2527 389 2575 ιιι
406 2514 551 2575 tribunus
568 2511 620 2575 hic
636 2532 676 2573 ex
693 2513 802 2573 eadem
820 2510 929 2575 Varia
945 2524 1047 2594 gente
1062 2512 1180 2586 luerit,
1205 2534 1244 2573 ex
1268 2535 1329 2596 qua
1354 2510 1468 2579 deinde

134 2610 213 2671 alius
232 2609 379 2671 tribunus
398 2631 429 2671 a.
447 2631 478 2669 u.
495 2608 571 2670 662.
596 2607 667 2687 lege
690 2605 775 2678 lata,
800 2626 881 2690 quae
904 2607 944 2666 alt
967 2625 1005 2667 eo
1029 2626 1144 2669 nomen
1168 2608 1282 2683 habet,
1308 2608 1489 2673 inclaruitst

223 2704 312 2767 Haec
335 2702 675 2781 Schweighaeuscrus.
710 2698 870 2782 Quicquid
893 2711 995 2760 alitem
1019 2701 1058 2761 de
1080 2698 1240 2764 Cicerone
1260 2712 1291 2763 et
1315 2701 1468 2782 Appiano

137 2794 222 2859 inter
242 2818 276 2859 se
296 2797 504 2859 conciliandis
520 2806 573 2858 aut
589 2816 650 2855 non
667 2793 873 2857 conciliandis
893 2805 1030 2867 staturas,
1055 2793 1244 2856 hocsaltem
1263 2796 1312 2857 vel
1332 2807 1469 2876 propter

141 2911 329 2972 praenomen
351 2891 410 2952 viri
433 2902 523 2953 extra
544 2890 670 2955 dubium
694 2890 833 2963 videtur,
858 2889 1061 2951 scribendum
1084 2909 1155 2952 esse
1178 2891 1263 2969 apud
1285 2889 1467 2971 Appianum

139 2980 312 3068 Σιυύριος
337 2980 508 3071 Θόριος,
531 3005 633 3067 nequae
655 2986 694 3046 de
715 2982 775 3044 ulla
801 2982 860 3045 alia
882 2980 1099 3046 immutatione
1117 2982 1334 3065 cogitandum.
1378 2985 1470 3048 'lho-

137 3078 205 3140 riae
233 3078 311 3162 legis
332 3078 511 3158 fragrarenta
535 3082 595 3140 laur
623 3078 694 3140 vide
717 3079 802 3159 apud
829 3077 1045 3141 Hauboldium
1070 3077 1103 3142 in
1130 3075 1340 3162 Antiquitatis
1368 3079 1466 3146 Rom.

134 3171 287 3237 Menum.
313 3172 427 3257 Legal.
449 3194 484 3255 p.
509 3175 549 3234 10
571 3193 664 3257 seqq.

732 3306 872 3368 Τιτιιιι.

218 3404 336 3489 „Ergo
359 3418 405 3470 est
422 3408 474 3471 lex
497 3407 652 3471 iustorum
671 3408 924 3492 iniustorumque
945 3407 1123 3482 distinctio,
1150 3411 1186 3472 ad
1207 3407 1290 3471 illam
1313 3409 1469 3494 antiquis·

133 3501 243 3565 simam
274 3513 305 3563 et
331 3524 436 3564 rerum
462 3503 601 3565 omnium
626 3503 801 3583 principem
832 3510 1168 3583 expressa'naturam,
1200 3506 1352 3587 adquam
1378 3507 1465 3589 leges

135 3595 298 3658 horuiuum
322 3595 523 3681 diriguntur,
560 3619 641 3680 quae
671 3597 828 3679 supplicio
850 3597 1017 3677 improbos
1044 3596 1199 3669 afficiunt,
1237 3597 1468 3661 defenduntac

135 3702 266 3753 tuentur
289 3692 407 3754 bonos.
450 3696 492 3775 Q.
516 3692 690 3755 Praeclare
711 3691 874 3774 intelligo:
900 3711 958 3751 nec
980 3711 1059 3752 vero
1081 3689 1142 3751 iam
1168 3690 1258 3752 aliam
1282 3713 1350 3753 esse
1373 3692 1467 3753 ullam

136 3785 240 3869 legem
271 3799 350 3867 puto
380 3807 443 3847 uon
472 3788 568 3853 modo
600 3787 792 3861 habendam,
827 3786 881 3846 sed
909 3806 948 3844 ne
976 3785 1195 3863 appellandam
1228 3785 1366 3866 quidem.
1410 3788 1467 3849 M.

137 3879 244 3952 Igitur
275 3892 307 3940 tu
338 3880 452 3942 Titias
482 3893 512 3942 et
536 3880 715 3961 Appuleiae
746 3878 832 3960 leges
865 3877 964 3938 nullas
992 3876 1111 3957 putas?
1148 3882 1187 3961 Q
1222 3880 1296 3961 Ego
1322 3899 1400 3941 vero
1428 3899 1467 3941 ne

138 3972 252 4035 Livias
276 3973 416 4054 quidem.
461 3977 517 4038 M.
553 3974 595 4035 Et
618 3985 723 4047 recte,
753 3993 833 4056 quae
856 3971 1043 4052 praesertim
1068 3992 1131 4032 ιιιιο
1157 3973 1315 4034 versiculo
1341 3984 1468 4035 senatus

137 4080 259 4149 puncto
287 4067 441 4149 temporis
469 4069 613 4129 sublatae
644 4068 727 4129 sint:
767 4065 818 4127 lex
850 4078 952 4126 autem
975 4064 1046 4137 illa,
1084 4064 1171 4127 cuius
1199 4066 1259 4127 vim
1288 4066 1465 4149 explicavi,

137 4182 241 4246 neque
265 4160 335 4224 tolli
358 4183 460 4246 neque
483 4161 637 4247 abrogari
660 4160 800 4242 potest.''
835 4163 872 4221 de
897 4160 1003 4243 Legg.
1030 4157 1073 4221 ΙΙ.
1099 4160 1136 4235 6,
1164 4161 1215 4221 ll.

224 4257 303 4317 Sunt
325 4260 409 4320 Sex.
434 4258 520 4319 Titii
543 4255 661 4317 tribuni
684 4256 784 4336 plebis
807 4254 980 4337 (seditiosi
1001 4253 1084 4315 einis
1106 4266 1139 4316 et
1160 4251 1364 4326 turbulenti,
1391 4251 1466 4318 Cic.

135 4352 176 4413 de
207 4351 301 4415 Orat.
332 4348 377 4415 ll.
408 4354 466 4425 11,
499 4351 568 4426 ld.)
597 4372 625 4412 a.
653 4370 686 4411 u.
715 4349 789 4411 651.
834 4350 886 4412 Ex
911 4348 976 4410 eius
1000 4348 1145 4433 legibus,
1179 4348 1205 4409 si
1236 4351 1331 4410 ruodo
1359 4348 1467 4428 plures

134 4445 226 4517 tulit,
246 4479 287 4493 -—
309 4457 416 4527 potest
438 4444 518 4507 euim
538 4445 651 4508 Titias
674 4443 696 4505 l.
721 4445 743 4506 l.
766 4444 846 4506 idem
871 4464 940 4506 esse
963 4445 1057 4527 quod
1071 4444 1164 4527 leges
1179 4445 1297 4528 quales
1313 4443 1410 4506 Titia
1424 4478 1465 4490 -

135 4539 301 4603 notissima
325 4551 373 4601 est

660 4664 765 4725 Τιτιι
786 4661 946 4745 agraria.

227 4765 306 4846 ,M.
328 4765 473 4829 Antonio
496 4767 539 4830 A.
564 4765 735 4831 Postumio
759 4786 845 4829 coss.
874 4769 959 4830 sex.
988 4765 1104 4829 Titius
1125 4764 1272 4847 tribunus
1298 4765 1400 4846 plebis
1428 4768 1467 4827 dc

140 4859 230 4947 agris
252 4858 430 4923 dividundis
452 4861 574 4942 populo
597 4880 669 4922 cum
693 4859 944 4942 repugnantibus
968 4859 1102 4942 collegia
1124 4860 1332 4941 pertinaciter
1359 4859 1465 4942 legem
