3214 5586
638 400 789 471 INDEX
810 404 993 471 LEGUM.

407 542 487 601 Lex
508 539 659 618 Licinia,
682 541 803 626 inquit,
827 545 1076 611 introducitur:

402 636 486 695 Luae
507 633 639 718 liquida
659 639 769 703 hoedo
791 642 962 704 redditur.
998 703 1000 707 ,

149 723 295 788 Lucilius
318 747 449 810 quoque
471 727 551 812 legis
575 729 663 791 istius
686 731 825 818 meminit
847 733 878 796 in
901 735 949 799 his
973 736 1099 800 verbis:

401 824 531 903 Legem
552 824 697 887 vitemus
719 825 862 894 Licini.’'

149 914 193 977 A.
216 913 339 978 Gellius
363 915 412 978 ΙΙ.
435 916 495 990 iit,
523 920 649 981 7-10.

231 1008 342 1090 „Post
363 1007 490 1073 Didiam
515 1011 650 1074 Licinia
671 1012 724 1075 lex
753 1013 814 1077 lata
844 1027 893 1078 est
922 1040 937 1078 a
968 1022 1007 1084 P.
1030 1018 1167 1084 Licinio
1188 1023 1317 1086 Crasso
1339 1020 1475 1087 Divite.

146 1101 235 1165 cuius
257 1103 410 1166 ferundae
430 1106 682 1190 probandaeque
707 1117 827 1170 tantum
853 1111 988 1173 studium
1013 1113 1052 1173 ab
1076 1090 1282 1193 optinratibhs
1301 1114 1476 1196 impensum

146 1207 207 1272 est,
233 1209 267 1259 ut
288 1198 436 1261 consulto
452 1211 580 1261 senatus
595 1200 771 1281 iuberetur,
790 1217 823 1268 ιιι
840 1229 876 1269 ea
892 1210 1112 1271 tantummodo
1133 1209 1349 1292 promulgata,
1375 1208 1479 1290 prius-

144 1310 239 1375 quam
267 1289 450 1355 triuundino
472 1294 735 1371 confirmaretur,
759 1300 801 1361 ita
825 1301 864 1361 ab
887 1302 1034 1364 omnibus
1059 1303 1288 1365 observaretur
1311 1303 1400 1388 qnasi
1417 1303 1478 1366 iam

145 1382 258 1467 populi
281 1388 437 1449 sententia
460 1392 688 1470 comprobata.
712 1391 764 1452 lex
785 1413 866 1455 vero
890 1394 969 1458 haec
990 1393 1100 1477 paucis
1122 1397 1247 1460 mutatis
1265 1395 1295 1458 in
1316 1397 1477 1481 plerisque

146 1500 217 1541 cum
238 1479 359 1543 Fannia
382 1481 552 1565 congruit.
584 1483 616 1545 in
639 1506 675 1546 ca
698 1487 779 1547 enim
805 1487 934 1549 lerenda
962 1488 1106 1570 quaesita
1130 1510 1233 1552 novae
1259 1489 1340 1572 legis
1367 1505 1480 1555 aucto-

147 1573 224 1636 ritas
249 1577 454 1638 exolescente
481 1586 564 1638 metu
594 1577 673 1663 legis
698 1579 905 1664 antiquioris,
940 1581 982 1644 ita
1009 1584 1154 1646 hercules
1179 1596 1212 1646 ut
1236 1585 1374 1667 deipsis
1398 1589 1480 1649 duo-

148 1667 250 1729 decim
273 1668 387 1730 tabnlis
408 1670 524 1731 lactum
547 1682 611 1733 cst:
637 1694 768 1755 quarum
786 1674 841 1738 nbi
859 1675 1019 1740 contemni
1034 1677 1203 1760 antiquitas
1219 1679 1344 1760 coepit,
1369 1681 1477 1741 eadem

148 1759 200 1823 illa
223 1782 306 1842 quae
327 1762 389 1825 illis
413 1763 538 1847 legibus
561 1769 770 1842 canebantur,
802 1768 833 1831 in
860 1769 920 1831 alia
950 1772 1086 1834 latorum
1106 1773 1243 1833 ‘nomina
1270 1772 1478 1836 transierunt.

150 1854 213 1917 Sed
239 1855 318 1940 legis
346 1857 501 1921 Liciniae
529 1880 665 1936 summa,
701 1872 737 1923 ιιι
766 1861 936 1938 Kalendis,
971 1864 1092 1941 Nonis,
1128 1865 1272 1927 nundinis
1305 1867 1478 1943 Romanis,

148 1951 264 2035 cuique
286 1950 318 2012 in
342 1952 409 2014 dies
429 1952 574 2037 singulos
593 1955 721 2040 triginta
745 1956 907 2019 dumtaxat
931 1979 1017 2020 asses
1038 1959 1154 2021 edundi
1177 1979 1272 2022 cansa
1293 1947 1481 2023 consumere

147 2044 277 2108 liceret:
304 2046 417 2108 ceteris
442 2066 522 2112 vcro
547 2049 676 2125 diebus,
702 2050 755 2133 qui
781 2051 907 2133 excepti
929 2074 993 2116 non
1019 2067 1138 2129 essent,
1163 2075 1201 2117 ne
1225 2055 1359 2136 amplius
1377 2075 1482 2137 appo·

145 2152 279 2203 necetur
308 2161 400 2224 quam
427 2141 531 2203 carnis
554 2142 661 2205 aridae
683 2147 793 2226 pondo
815 2146 874 2208 tria
899 2157 930 2208 et
953 2148 1215 2212 salsamentorum
1243 2151 1354 2232 pondo
1382 2150 1481 2224 libra,

146 2245 178 2298 et
207 2237 297 2320 quod
325 2255 365 2393 qr
396 2247 500 2313 terra,
537 2237 601 2302 vite
627 2241 787 2302 arboreae
814 2240 855 2301 sit
885 2242 1028 2304 natum.''
1081 2244 1233 2309 Macrob.
1263 2246 1395 2307 Satura.
1429 2243 1480 2308 ll.

231 2424 473 2509 „Centenariae
500 2448 617 2490 coenae
650 2427 854 2503 dicebantur,
886 2427 916 2489 in
947 2448 1025 2512 quas
1052 2430 1125 2514 lege
1154 2431 1292 2495 Licinia
1316 2454 1380 2497 non
1411 2433 1482 2516 plus

144 2523 346 2584 centussibus
368 2533 499 2603 praeter
519 2534 624 2585 terrae
648 2535 719 2583 nata
743 2521 1022 2603 impendebantur,
1046 2524 1079 2585 id
1104 2536 1168 2600 est,
1194 2538 1319 2587 centum
1343 2526 1478 2605 assibus,

145 2616 200 2698 qui
224 2628 315 2678 erant
337 2617 454 2677 breves
477 2616 561 2679 ntrmi
583 2636 625 2679 ex
648 2614 757 2678 aere.”
802 2617 829 2678 F
832 2625 918 2678 estiis
941 2638 969 2679 s.
994 2638 1027 2703 y.
1052 2618 1291 2681 centenariae.

233 2711 332 2791 Apud
361 2710 406 2774 A.
436 2710 574 2774 Gellium
605 2713 685 2775 XV.
715 2710 746 2773 8.
776 2724 826 2772 est
848 2713 962 2775 Locro
983 2733 1030 2773 eac
1051 2712 1210 2775 oratione
1231 2713 1395 2777 Fauorini
1415 2715 1481 2794 (rel

149 2804 322 2887 Fauonii),
353 2805 477 2867 ueteris
499 2806 670 2878 oratoris,
707 2806 749 2868 de
770 2827 957 2870 coenarum
978 2818 1080 2890 atque
1102 2807 1268 2869 luxuriae
1289 2808 1481 2891 opprobra-

152 2896 262 2973 tione‚
283 2920 352 2984 qua
372 2920 457 2961 usus
479 2911 552 2975 est,
574 2921 652 2962 cnm
673 2900 776 2985 legem
800 2900 1001 2964 Liciniam
1025 2903 1069 2964 de
1092 2913 1245 2983 sumptu
1268 2902 1479 2966 minuendo

150 2991 271 3056 suasit.

232 3088 361 3163 Annus,
385 3108 451 3169 quo
474 3109 509 3150 ea
533 3088 586 3149 lex
608 3089 670 3148 lata
694 3100 759 3162 est,
784 3087 876 3152 vario
900 3092 998 3167 modo
1014 3110 1031 3151 a
1048 3087 1124 3151 viris
1140 3090 1242 3155 doctis
1258 3088 1476 3156 constituitur.

145 3180 334 3244 Gronovius
363 3181 443 3245 enirn
473 3183 511 3244 ad
541 3181 629 3245 Gell.
660 3183 695 3258 2,
720 3184 773 3246 tt.
798 3204 881 3246 anno
905 3186 966 3247 666
990 3205 1057 3247 cam
1089 3186 1247 3267 assignat,
1280 3186 1417 3249 Baebius
1445 3187 1479 3248 in
1552 3200 1556 3205 '

142 3272 232 3336 Hist.
257 3276 396 3359 lurispr.
420 3299 497 3361 pag.
523 3278 596 3341 165.
620 3278 660 3339 ad
683 3298 794 3339 annum
819 3280 881 3341 657
905 3300 972 3342 cam
995 3277 1114 3353 refert,
1138 3278 1275 3364 Pighius
1297 3282 1336 3342 ad
1361 3301 1476 3342 annum

142 3366 224 3442 617,
250 3368 487 3434 Freinshemius
510 3372 645 3455 denique
668 3370 755 3453 (vide
778 3372 1004 3453 supplementa
1027 3370 1163 3435 Liviana
1186 3372 1217 3435 in
1241 3373 1298 3437 lib.
1323 3374 1376 3436 61.
1400 3395 1473 3454 cap.

142 3462 212 3539 st.)
235 3464 275 3525 ad
298 3484 410 3527 annum
434 3465 509 3528 642.
554 3466 668 3547 Nuper
690 3467 748 3529 Fr.
772 3466 960 3529 Wlillnerus
982 3467 1014 3529 in
1045 3464 1262 3532 Commentat.
1289 3470 1328 3530 de
1352 3467 1477 3531 Laevia

141 3560 242 3639 poe'ta
265 3555 479 3642 (Allgemeine
503 3559 732 3643 Schulzeitung
755 3559 849 3628 1830.
874 3559 1031 3623 Deccmb.
1054 3562 1099 3624 N.
1126 3563 1211 3640 155.)
1234 3559 1342 3624 statuit
1363 3565 1403 3625 P.
1420 3559 1480 3624 Li·

143 3650 274 3713 cinium
302 3655 467 3717 Crassum
493 3652 524 3715 in
551 3664 720 3734 praetura,
757 3674 850 3736 qnam
881 3674 965 3717 anno
995 3655 1069 3716 650.
1102 3654 1200 3738 gessit
1226 3659 1275 3735 (ut
1304 3676 1344 3718 ex
1366 3652 1477 3738 Pighii

144 3745 309 3808 annalibus
335 3749 378 3810 Τ.
401 3747 434 3811 3.
462 3769 495 3829 p.
520 3748 594 3809 156.
619 3748 784 3827 apparet),
807 3746 912 3827 legem
935 3748 1165 3828 sumptuariam
1184 3748 1305 3810 tulisse.
1335 3748 1474 3830 Legem

143 3839 318 3905 Liciniam
345 3840 418 3906 ideo
444 3862 462 3903 a
497 3840 619 3907 Crasso
647 3850 798 3922 praetore
828 3840 922 3902 latam
955 3860 1025 3903 esse
1055 3840 1148 3916 dicit,
1181 3832 1255 3924 quia
1283 3839 1478 3905 Macrobius

144 3932 276 3997 Satura.
300 3935 337 4011 2,
363 3936 416 3999 13.
446 3936 615 4018 plerasque
636 3934 727 4019 leges
750 3935 959 4015 sumptuarias
983 3955 1001 3996 a
1027 3935 1231 4016 praetoribus
1260 3946 1315 3997 aut
1340 3934 1476 3997 tribunis

143 4027 246 4108 plebis
276 4030 498 4115 promulgatas
525 4020 722 4093 tradiderita
745 4028 860 4091 nullam
894 4039 998 4091 tamen
1027 4027 1181 4110 reliquam
1211 4049 1298 4104 caso,
1333 4048 1426 4110 quam
1456 4048 1474 4093 a

141 4135 295 4203 mactare
328 4125 562 4209 promulgatam
592 4144 662 4186 esse
691 4114 850 4198 dicamus,
884 4134 1013 4205 praeter
1043 4122 1219 4197 Liciniam;
1259 4144 1330 4186 cum
1362 4122 1474 4184 deinde

140 4217 289 4280 Lucilius
311 4218 341 4301 in
364 4218 555 4282 carminibus
577 4217 642 4281 stris
659 4218 830 4283 Liciniam
848 4217 950 4300 legem
972 4216 1168 4300 significaret
1188 4216 1279 4300 isque
1301 4219 1473 4281 secundum

140 4312 332 4394 Hieronymi
354 4311 569 4377 testimonium
591 4311 761 4389 (Chronic.
786 4313 908 4374 Euscb.
923 4314 962 4373 ad
978 4312 1033 4376 Ol.
1059 4313 1137 4387 169,
1162 4313 1209 4391 2.)
1232 4333 1315 4375 anno
1340 4334 1372 4375 u.
1397 4310 1473 4374 651.

138 4406 280 4488 Neapoli
302 4407 383 4468 diem
408 4406 558 4482 obiisset,
595 4406 775 4469 necessario
801 4408 999 4467 statuendum
1023 4427 1111 4481 esso,
1144 4418 1216 4469 aute
1246 4406 1323 4467 illud
1351 4418 1475 4486 tempus

140 4499 245 4583 legem
273 4499 445 4564 Liciniam
473 4501 626 4564 sancitam
655 4500 768 4562 [uisse.
803 4533 844 4545 -
878 4500 1059 4563 Adnotarit
1087 4499 1147 4563 ista
1179 4502 1335 4581 Meyerus
1365 4513 1476 4564 noster

140 4593 276 4677 Fragor.
300 4593 407 4659 Ocatt.
433 4596 531 4659 Rom.
552 4616 589 4677 p.
613 4596 686 4659 181.
711 4594 765 4677 qui
787 4605 890 4656 tamen
912 4591 944 4655 in
966 4615 1006 4658 eo
1032 4594 1170 4670 erravit,
1196 4598 1283 4679 quod
1299 4595 1399 4679 legem
1419 4593 1477 4677 bi-

139 4686 267 4749 ciniam
289 4708 305 4749 a
329 4688 449 4772 Pighio
472 4692 513 4752 ad
534 4708 648 4751 annrrm
670 4689 745 4751 617.
768 4690 902 4752 relatam
927 4709 996 4752 esse
1019 4688 1112 4751 dixit.
1156 4687 1293 4773 Pighius
1308 4689 1388 4751 enim
1406 4706 1475 4749 eam

140 4782 180 4845 Ρ.
205 4781 341 4847 Licinio
363 4786 493 4849 Crasso
515 4783 625 4847 Diuiti
655 4783 782 4846 tribuno
813 4782 916 4865 plebis
946 4805 976 4845 a.
1007 4804 1040 4846 u.
1069 4782 1144 4845 ott.
1174 4783 1357 4864 adscripsit.
1402 4784 1478 4862 lpse
1576 4820 1585 4829 -

141 4874 301 4957 Meyerus
331 4878 453 4942 collato
482 4878 589 4943 Dione
615 4875 730 4942 Cassio
752 4877 926 4943 XXXIX.
949 4877 1004 4941 tt.
1035 4876 1139 4963 legem
1168 4879 1249 4942 hauc
1272 4878 1325 4942 M.
1347 4875 1476 4941 Licinio
