3328 5576
872 268 877 287 ·
923 270 930 303 ι

509 374 944 444 GRAECO-LATINUS.
1371 380 1391 445 5

159 522 404 601 Ἀκοιιιίνηιον,
436 518 590 583 alienum
616 542 641 583 a
649 517 838 612 familiari
865 520 1125 586 consuetudine.
1169 523 1308 599 „Nullas
1330 543 1390 585 uu·

94 638 186 735 pm
183 620 216 680 ad
239 638 287 679 me
314 616 446 680 litteras
474 614 557 678 misit
587 615 729 692 Brutus,
764 614 800 681 in
828 615 943 702 quibus
969 637 1036 681 non
1064 615 1184 682 inesset
1209 639 1386 704 arrogans,

91 711 270 793 eironeirnros
290 708 451 797 aliquid.’'
476 711 516 772 ad
537 708 609 774 Au.
632 708 699 774 VI.
722 711 763 788 3,
800 713 833 774 7.

149 806 399 887 ’Λιιιιιιωιῆιως,
436 803 577 868 minime
586 801 843 896 familiariter.
885 806 1016 870 Brutus
1039 808 1106 901 „ad
1128 828 1178 870 me
1201 805 1294 871 etiam
1314 828 1385 871 cum

83 914 161 988 rogat
178 902 284 987 aliquid
305 899 565 976 contumaciter,
596 911 805 986 arroganter,
841 900 1068 982 ἄκοινωιῆτως
1061 886 1173 966 solet
1195 900 1385 965 scriberest

82 997 115 1059 id
131 997 459 1169 Allitoiclxsllroig,
425 1089 503 1154 sine
516 1088 764 1154 assentatione.
808 1090 950 1176 „ltaque
972 1090 1088 1174 scripsi
1107 1102 1140 1155 et
1160 1088 1386 1166 ἅκολακιυιως

80 1193 108 1247 st
129 1194 220 1249 umen
244 1185 308 1262 sic,
343 1196 383 1249 ut
408 1183 489 1247 nihil
516 1204 587 1248 eum
616 1183 793 1248 existimem
821 1185 979 1250 lecturum
1008 1185 1197 1251 libentiusst
1248 1186 1288 1248 ad
1308 1185 1382 1246 Att.

79 1279 340 1451 mAiilailo,
381 1372 536 1439 lieentia.
589 1373 826 1449 ,fAnolaotar
857 1373 994 1440 istorum
1027 1372 1181 1439 scribis?
1235 1374 1275 1436 ad
1308 1372 1382 1437 Au.

78 1468 296 1641 melitiani,
314 1563 443 1628 olatio
463 1562 693 1627 lassitudinis.
739 1610 754 1640 „
764 1564 902 1652 indulge
924 1564 1097 1630 valetudini
1120 1575 1209 1640 tuae,
1234 1560 1286 1626 cui
1310 1561 1383 1646 qusi-

78 1657 138 1718 dem
156 1667 187 1718 tu
206 1658 320 1736 adhuc,
345 1661 422 1723 dnm
440 1657 517 1720 mihi
536 1657 698 1735 deservis,
722 1659 849 1723 servisti
863 1682 927 1725 uon
943 1661 1038 1726 satis:
1064 1683 1101 1725 ea
1123 1659 1200 1744 qstid
1221 1658 1380 1740 postulet,

78 1769 135 1813 non
157 1748 291 1836 ignorat.
324 1761 447 1835 πέψιν,
481 1756 642 1831 orontes,
678 1766 858 1842 περίπατον
889 1756 1095 1846 σύμμετροι,
1100 1790 1102 1797 ·
1125 1759 1262 1842 τέρψιν,
1291 1753 1383 1818 εὐλυ-

82 1856 147 1910 olar
160 1847 310 1924 zotllacf
355 1850 397 1911 ad
419 1847 512 1911 Fam.
536 1847 637 1911 XVl
663 1849 779 1923 18,1.

147 1938 323 2027 Arosape,
354 1963 415 2006 res
438 1962 527 2027 quae
551 1941 713 2018 auditur,
737 1943 889 2017 auditio:
919 1945 1061 2009 aurium
1083 1946 1380 2011 oblectamentum.

85 2034 303 2115 ,Quinetiam
279 2060 304 2100 ιι
317 2042 428 2119 ψιλῶς
442 2035 537 2100 velim
561 2036 751 2150 gravitatem
774 2040 1047 2125 constantiamque
1062 2041 1129 2105 eius
1145 2040 1292 2111 laudare,
1318 2036 1382 2098 boc

85 2125 174 2209 ipsum
191 2140 282 2193 nmen
300 2132 372 2195 istis
389 2131 582 2195 odiosum*
557 2131 807 2216 axoocpasit.”
830 2136 869 2197 ad
886 2136 959 2199 Att.
978 2136 1065 2200 XII.
1089 2137 1126 2210 1,
1151 2134 1183 2196 2.
1202 2131 1381 2215 ’Ἀκουσμα

92 2234 133 2282 cst
150 2222 280 2306 quidquid
297 2228 334 2288 ad
356 2246 452 2290 aures
482 2225 734 2307 (convivarum)
762 2226 902 2291 suaviter
924 2230 1117 2293 deliniendos
1140 2238 1195 2291 esst
1217 2230 1382 2292 oblectan-

99 2312 147 2374 das
164 2330 351 2397 conparatum
378 2331 440 2383 est.
491 2321 575 2384 Non
603 2341 791 2405 assequor,
817 2321 937 2408 inquit,
962 2335 1001 2386 ut
1023 2322 1192 2398 scribam,
1216 2321 1310 2406 quod
1330 2319 1382 2383 tui
1503 2380 1507 2387 ,

101 2408 252 2483 concione,
276 2432 335 2475 non
353 2414 451 2479 modo
473 2414 633 2489 libenter,
663 2415 726 2485 secl
753 2438 864 2500 aequo
892 2419 1010 2482 animo
1031 2420 1146 2500 legere
1166 2415 1317 2500 possint,
1350 2413 1383 2477 si

100 2500 187 2563 velim
203 2506 384 2588 graodctem
400 2510 476 2572 eius
496 2509 792 2595 constantiamque
814 2512 978 2584 laudare3
1003 2514 1067 2575 hoc
1089 2512 1203 2593 ipsum
1225 2510 1395 2592 ἄκουσμα,

97 2596 151 2658 sit.
186 2597 234 2661 Sic
252 2621 299 2682 ap.
319 2603 467 2685 Xenoph.
490 2605 699 2688 ἀπομιημον.
743 2605 789 2667 L.
807 2604 857 2669 ll.
881 2626 911 2668 c.
935 2608 967 2667 1.
983 2605 1084 2668 virtus
1105 2603 1266 2685 voluptati
1285 2601 1380 2664 dicit:

97 2695 149 2755 τιν’
166 2695 323 2762 iterim
341 2700 472 2777 ἡδίστου
497 2698 726 2782 ἀκούσματος,
757 2710 893 2766 ἐπαίνου
912 2704 1043 2780 ἑαυτῆς,
1065 2700 1207 2780 ἀνήκοος
1233 2696 1269 2764 sl.
1291 2698 1385 2760 Haec

96 2786 274 2870 ἇιωιὲιματα,
302 2813 379 2875 quae
402 2804 434 2854 et
457 2793 660 2877 ἀκροάματα
683 2792 849 2870 dicuntur,
883 2805 974 2857 orant
989 2793 1210 2858 recitationes
1226 2811 1384 2876 anagno-

94 2889 217 2959 starum,
236 2886 472 2971 symphoniaci
490 2887 612 2971 pueri,
638 2894 865 2971 γελωτοποιοί,
889 2899 953 2952 cet.
976 2889 1062 2952 Eun.

154 2980 293 3065 ’Axpctffi
323 2979 511 3065 liquidum,
535 3001 605 3045 non
626 2975 824 3059 turbidum,
847 3003 917 3047 non
927 2982 1184 3067 perturbatum.
1230 2982 1296 3065 „Id
1317 2982 1383 3058 (se-

81 3068 269 3153 quInoctium)
290 3074 317 3138 si
339 3077 464 3163 ἀκραές
480 3073 559 3152 erit,
582 3074 702 3139 utinam
723 3076 804 3140 idem
831 3089 955 3157 maneat
977 3075 1218 3142 Hortensiusl’'
1248 3078 1288 3139 ad
1309 3078 1382 3139 Au.

76 3163 117 3227 X.
137 3169 189 3243 17,
210 3168 239 3233 3.

146 3263 365 3350 Ἀκροσιιχις,
402 3284 505 3349 genus
527 3262 695 3341 carminis,
727 3285 825 3348 „cum
849 3266 999 3348 deinceps
1022 3287 1064 3330 ex
1091 3264 1201 3350 primis
1233 3286 1382 3330 versuum

71 3351 171 3419 litteris
190 3357 306 3444 aliquid
327 3357 552 3437 connectitur,
577 3359 659 3422 utin
682 3360 869 3446 quibusdam
892 3359 1090 3426 Ennianis.’'
1136 3361 1175 3424 dc
1197 3358 1309 3441 Divin.
1333 3360 1383 3425 Il.
1427 3384 1432 3394 ·

71 3448 120 3526 11,
143 3452 205 3518 111,

139 3548 423 3636 Ἀκροιελεῦιιον,
446 3549 603 3612 clausula
624 3569 658 3610 r.
682 3569 711 3613 c.
733 3547 900 3625 carminis,
926 3547 1096 3631 epistolae.
1149 3549 1230 3614 Vox
1254 3552 1385 3632 Thucy-

68 3636 144 3704 dtu
165 3642 209 3706 11.
230 3647 285 3708 17.
315 3664 409 3725 quam
432 3653 464 3705 et
486 3642 581 3705 habet
603 3642 726 3707 Pollux
747 3644 796 3707 ll.
821 3643 874 3707 16.
890 3644 977 3707 Ειιιι.
995 3642 1070 3709 Csr.
1092 3643 1234 3708 Bekkeri
1257 3648 1382 3711 Anocd.

71 3736 121 3799 Gr.
141 3758 173 3819 p.
194 3738 268 3803 3⁶9.
296 3735 447 3811 „Bellum
478 3737 724 3826 ἀκροτελευτιον
749 3737 846 3800 habet
866 3736 920 3799 itta
943 3749 996 3801 tua
1019 3736 1176 3820 epistola,
1211 3760 1304 3824 quam
1328 3742 1385 3803 de·

75 3825 129 3891 tini
146 3852 302 3896 nauseans
326 3830 514 3895 Buthroto:
546 3831 625 3908 tibi,
649 3843 689 3895 ut
711 3831 810 3895 video
830 3841 865 3894 et
886 3853 1008 3916 spero,
1031 3834 1130 3898 nulia
1151 3833 1198 3894 ad
1221 3833 1384 3896 deceden-

78 3921 216 3990 drnnerit
237 3924 375 3990 moral
379 3925 471 3987 ad
493 3926 566 3989 Au
590 3928 636 3990 V.
661 3927 725 4002 il,
751 3928 784 3990 3.

138 4021 367 4110 &pomptus
392 4019 509 4107 οὔρια,
538 4020 643 4130 signa
663 4023 834 4086 secundae
864 4025 1079 4105 tempestatis
1105 4044 1153 4086 ex
1181 4021 1358 4088 vexiliis
1344 4043 1384 4086 tn

61 4104 204 4198 suscipis
223 4115 498 4202 (ἀκρωτηρίοις)
519 4115 659 4178 nauium
675 4128 709 4179 et
727 4116 923 4180 domorum.
968 4118 1110 4202 „Itaque
1133 4126 1202 4179 erat
1223 4119 1253 4179 in
1277 4117 1383 4182 animo

67 4203 134 4268 mit
156 4208 312 4274 festinare
337 4209 423 4274 Delo
442 4229 501 4272 nec
524 4231 677 4286 movere,
712 4210 775 4274 nisi
797 4210 902 4275 omnia
925 4214 1137 4300 ἀκρωτηρίων
1160 4209 1260 4299 οὔρια
1287 4211 1383 4274 vidis-

62 4318 130 4366 κω.
139 4302 234 4369 ”ad
258 4307 338 4369 Au.
362 4303 409 4366 V.
434 4303 494 4379 12,
519 4305 550 4367 1.
596 4304 796 4392 Oi‘pcasunt
818 4304 909 4389 signa
930 4305 1382 4389 bonaetempestatisinstan·

60 4392 116 4460 tis:
142 4400 305 4485 aquibus
327 4396 419 4462 etiam
447 4397 570 4481 Iupiter
592 4399 710 4476 Urius,
743 4400 873 4485 dequo
893 4403 957 4468 vid
981 4403 1104 4466 Graes.
1127 4404 1167 4464 ad
1189 4401 1290 4465 Verr.
1314 4400 1380 4464 IV.

59 4488 100 4555 tt.
120 4492 199 4557 Eas.

125 4588 341 4677 Animos,
373 4586 604 4653 invenustum.
647 4591 779 4671 „Tanta
801 4588 878 4654 faex
899 4600 947 4654 est
975 4591 1007 4654 in
1036 4594 1135 4667 turbe,
1159 4601 1194 4654 ut
1216 4587 1293 4651 nihii
1316 4598 1379 4652 tam

57 4673 92 4737 311
115 4684 305 4772 ἀκῦῧηρον,
337 4685 428 4769 quod
456 4702 523 4747 non
549 4639 664 4746 alicui„
672 4696 841 4748 venttstum
870 4706 941 4750 esse
971 4685 1163 4749 videaturss'
1216 4686 1255 4747 ad
1285 4683 1312 4746 F
1314 4705 1377 4746 ain

56 4770 130 4839 m
119 4778 327 4963 '‘liipsii,
312 4873 546 4961 impropnus,
569 4875 608 4940 de
630 4874 765 4941 verbu
753 4886 863 4962 mepte
878 4875 1049 4960 usurpatis.
1090 4877 1206 4952 „Unde
1221 4874 1299 4939 iilud
1314 4885 1375 4939 tam

508 5125 514 5133 “
541 5128 559 5161 Ι
