3214 5586
618 362 770 430 INDEX
790 364 974 432 Ludunt.
1401 298 1480 430 tit

130 504 188 590 qui
211 516 260 570 est
280 502 419 569 decimus
443 525 542 569 annus
565 526 582 571 a
607 506 754 572 Seruilia
775 505 963 588 Caepionis.
1006 504 1080 589 Huc
1096 502 1238 589 pertinet
1261 502 1355 593 illud,
1373 502 1469 588 'quod

131 597 166 662 in
185 598 331 683 reliquiis
350 597 505 663 orationis
520 621 583 682 pro
599 600 723 664 Scauro
744 602 842 684 [apud
857 599 1034 665 Asconium
1050 622 1085 682 p.
1102 601 1169 682 11]
1185 611 1466 674 commemoratur,

133 714 263 757 sarisam
286 691 459 776 Caepionis
491 692 621 776 [immoz
654 696 707 759 M.
731 695 846 760 Scauri
868 717 885 759 a
909 695 952 776 Q.
977 695 1116 759 Servilio
1140 693 1319 776 Caepione]
1349 695 1469 758 6866-

132 786 218 853 vitia
240 788 313 873 lego
328 787 468 851 accusati
483 790 522 851 de
537 790 720 872 repetundis
735 791 775 853 ad
792 788 914 874 equites
930 800 1031 852 aetam
1049 800 1080 852 et
1095 788 1261 852 iudicatam
1279 807 1359 852 esse.
1381 786 1467 850 Euu.

171 952 179 963 ,
218 884 318 963 Η666
332 881 404 960 lex,
428 902 522 967 quam
546 884 587 949 L.
610 882 731 948 Crasso
753 887 904 947 suadente
925 887 969 968 Q.
993 883 1158 950 Seruilius
1180 879 1308 964 Caepio
1330 874 1402 945 cum
1424 877 1468 943 C.

128 975 237 1042 Atilio
259 976 400 1041 Serrano
422 977 535 1041 consul
558 978 661 1057 (648.)
683 999 723 1042 eo
747 999 831 1043 auno
850 979 942 1055 eutii,
967 1000 1033 1065 quo
1055 976 1173 1043 Cicero
1187 987 1278 1039 natus
1297 986 1362 1050 est,
1386 972 1469 1036 iudi-

129 1071 198 1148 cia,
234 1091 315 1154 quae
340 1073 500 1155 equestria
524 1071 646 1135 fecerat
676 1073 729 1135 lex
752 1072 964 1155 Sempronia,
1000 1094 1066 1135 nou
1090 1068 1291 1135 senatoribus
1317 1079 1351 1133 et
1378 1066 1470 1153 equi·

129 1163 216 1228 tibus
245 1165 382 1228 reddidit
410 1165 607 1241 corumunia,
642 1177 677 1229 ut
706 1167 874 1230 Ernestius
904 1167 990 1247 (ind.
1014 1166 1117 1250 Leg.)
1147 1177 1179 1229 et
1202 1160 1341 1229 Baehius
1363 1161 1467 1241 (Hist.

129 1260 200 1324 lur.
221 1280 256 1342 p.
282 1259 367 1338 168.)
389 1260 474 1323 haud
495 1259 564 1325 scio
589 1280 627 1322 an
653 1263 692 1323 ab
718 1260 802 1325 lulio
827 1262 1037 1344 Obsequente
1059 1263 1103 1339 (c.
1121 1258 1211 1339 101.)
1234 1255 1338 1321 edocti
1361 1255 1469 1331 dieunt

129 1387 174 1401 -
197 1374 267 1416 nam
288 1352 321 1416 in
342 1352 380 1416 iis
403 1374 484 1442 quae
507 1355 644 1418 afferunt
666 1353 836 1420 Ciceronis
858 1354 1044 1418 testimoniis
1068 1351 1216 1419 nonnisi
1245 1353 1285 1415 de
1309 1347 1469 1434 equitibus

131 1447 242 1533 agitur
263 1477 322 1523 -,
357 1449 412 1512 sed
435 1450 522 1532 quod
546 1449 679 1512 Tacitus
707 1450 810 1527 (Anu.
839 1449 924 1514 XII.
952 1450 1021 1529 60.)
1049 1448 1144 1532 plane
1173 1445 1271 1511 tradit
1293 1454 1324 1508 et
1348 1441 1469 1511 Cicero

133 1542 240 1605 multis
270 1541 351 1605 locis
376 1542 563 1618 coufirmat,
597 1541 675 1607 solis
704 1542 905 1607 senatoribus
928 1542 1077 1607 restituit.
1121 1538 1192 1622 (Cf.
1216 1540 1311 1604 Brut.
1336 1539 1389 1602 43.
1414 1539 1469 1602 44.

134 1636 190 1700 86.
212 1636 266 1700 87.
297 1637 337 1699 da
365 1636 459 1701 Orat.
491 1637 520 1701 1.
550 1637 603 1701 52.
634 1637 752 1702 Parad.
780 1639 826 1702 V.
855 1637 888 1701 3.
915 1639 957 1702 'de
988 1638 1118 1701 Invent.
1150 1636 1180 1699 1.
1210 1635 1279 1714 49.)
1322 1634 1471 1699 Fuerunt

134 1729 229 1794 etism
251 1729 307 1814 qui
334 1729 489 1794 historiae
510 1729 594 1794 illius
617 1731 774 1813 temporis
799 1732 893 1813 plane
921 1731 1027 1817 ignari
1050 1729 1248 1805 dubitarent,
1282 1750 1322 1791 an
1346 1727 1471 1812 perlata

133 1824 233 1888 inerit
254 1825 370 1903 (Barh.
394 1825 415 1890 l.
437 1828 499 1904 c.);
523 1837 554 1888 at
577 1825 732 1890 eiusmodi
755 1825 985 1891 dubitationem
1006 1827 1123 1891 toilunt
1143 1846 1210 1889 non
1228 1832 1349 1886 tantum
1365 1823 1471 1889 omnia

132 1918 188 1983 itta
209 1939 292 2004 quae
314 1918 406 1983 attuli
427 1920 518 1997 loca,
543 1922 599 1983 sed
624 1919 718 1985 etiam
740 1923 894 2005 quaedam
922 1920 1111 2003 inscriptio,
1135 1940 1229 2006 quam
1253 1917 1377 2004 qualem
1401 1936 1469 1979 eam

133 2015 295 2078 Gruterus
318 2035 336 2076 6
364 2012 531 2089 Manutio,
567 2013 727 2079 Pauvinio
750 2025 782 2078 et
805 2017 887 2079 Ant.
911 2017 1097 2101 Augustino
1119 2014 1152 2079 in
1175 2015 1276 2078 Thes.
1301 2012 1405 2075 Inscr.
1433 2031 1468 2091 p.

132 2106 433 2176 ccccnxvltt.
450 2109 481 2173 5.
496 2109 637 2192 recepit,
654 2108 791 2172 subieci:
817 2111 889 2193 [sed
906 2120 953 2173 est
970 2109 1163 2195 Ligariana,
1183 2105 1364 2172 subditicia.
1389 2102 1470 2185 06]

590 2203 633 2283 Q.
658 2203 845 2268 snssvtt..
870 2201 945 2268 CN.
970 2205 1012 2267 F.

432 2295 674 2363 CAEPIONI.
698 2294 798 2362 COS.
824 2295 987 2379 [CENS.]
1011 2296 1172 2362 TRIVM

639 2392 717 2457 PH.
749 2392 961 2456 PATRIAE

652 2487 746 2551 LIB.
762 2483 950 2550 ‘Dncvu

678 2580 923 2646 VERONEN.
1146 2662 1150 2673 .

128 2736 134 2745 .
509 2675 570 2743 OB
593 2673 782 2763 tvutcla
807 2675 1094 2741 RESTITVTA.
1468 2724 1474 2735 .

139 2770 198 2837 Ci.
220 2773 341 2836 Thone.
365 2768 506 2835 Reineaii
528 2772 644 2863 ep.'ad
667 2767 767 2853 Casp.
790 2769 1020 2836 Hoffmannnm
1042 2783 1074 2835 et
1097 2767 1180 2835 Chr.
1203 2769 1270 2835 Aa.
1289 2771 1470 2853 Rupertum

140 2864 237 2947 Lips.
260 2867 350 2931 1660.
371 2887 406 2949 p.
431 2866 505 2928 ttt.
548 2866 596 2929 At
625 2866 707 2928 haec
730 2863 792 2928 nisi
820 2862 943 2947 perlata
966 2865 1098 2941 inisset,
1133 2863 1205 2948 quis
1227 2862 1364 2930 Valerio
1393 2862 1471 2926 Ma·

140 2959 231 3023 nimo
259 2961 391 3040 (61.9,
417 2959 486 3041 13.)
512 2961 675 3036 crederet,
710 2952 906 3042 Caepionem
931 2971 1101 3042 patronum
1124 2952 1252 3023 senatus
1275 2956 1470 3042 appeliatum

135 3052 259 3119 fuisse?
280 3053 434 3120 Ceterum
456 3055 538 3118 idem
561 3053 615 3118 hic
637 3065 684 3118 est
702 3050 844 3136 Caepio,
865 3053 956 3119 cuius
973 3054 1109 3119 avaritia
1128 3066 1160 3119 et
1184 3052 1344 3118 calamitas
1364 3052 1471 3117 iocum

132 3148 212 3215 iecit
238 3149 439 3234 proverbio:
481 3154 645 3232 „Aurum
671 3146 773 3212 habet
803 3149 1054 3215 Tolosanamx’
1109 3147 1181 3230 (Cf.
1213 3149 1298 3214 Geli.
1327 3147 1395 3213 111.
1423 3146 1471 3226 9.)

132 3242 259 3310 Crasso
286 3244 366 3323 euim
397 3255 429 3308 et
457 3243 610 3309 86666616
640 3262 727 3307 coss.
755 3242 857 3326 (658.)
888 3265 905 3327 a
930 3242 972 3310 C.
996 3243 1091 3309 Iunio
1115 3244 1274 3308 Norbano
1303 3251 1471 3306 accusatus

133 3337 167 3402 in
189 3337 318 3402 exilium
340 3338 434 3414 abiit,
458 3336 555 3422 inque
577 3359 617 3401 en
640 3337 755 3400 misere
776 3337 873 3421 periit
895 3340 1029 3419 (Strabo
1052 3339 1118 3403 tv.
1135 3360 1170 3419 p.
1188 3338 1263 3402 188.
1282 3338 1359 3401 Vei.
1377 3335 1472 3401 Max.

133 3432 202 3497 lv.
232 3435 269 3509 t,
306 3433 338 3496 3.
377 3433 454 3496 1116.
477 3434 543 3515 Ep.
566 3429 754 3510 valt.),
787 3432 857 3506 661,
893 3435 981 3517 quod
1010 3431 1062 3495 aiii
1091 3434 1238 3507 tradunt,
1273 3430 1304 3494 iu
1336 3426 1471 3492 61666116

133 3525 273 3609 publicis
294 3525 437 3609 spiritum
461 3525 619 3601 reddidit,
643 3545 827 3608 corpusque
849 3525 917 3593 eius
939 3527 1112 3591 laceratum
1134 3527 1166 3588 in
1187 3526 1281 3589 scalis
1304 3520 1471 3589 Gemoniis

136 3619 243 3683 iacens
266 3616 473 3705 conspectum
497 3631 558 3684 est.
603 3617 675 3700 (Cf.
698 3618 742 3684 id.
764 3618 842 3684 vat
867 3620 961 3685 Max.
984 3620 1051 3685 VI.
1076 3620 1114 3697 9,
1139 3620 1207 3699 13.)
1252 3618 1410 3685 1166666.

486 3782 648 3845 86666616
670 3777 712 3843 de
731 3778 890 3863 pecuniis
910 3777 1123 3863 repetundis.

129 3964 136 3983 ,
224 3904 337 3989 „Reus
356 3902 538 3987 ¹estfactus
561 3904 630 3984 (Μ.
653 3902 807 3983 Scaurus)
830 3922 848 3966 a
871 3901 915 3983 0.
941 3899 1081 3966 86661116
1106 3898 1274 3984 Caepione
1297 3897 1369 3984 lege
1390 3901 1471 3963 Sor·
1505 3920 1515 3941 2

139 3998 239 4076 vitia,
264 4020 334 4065 cum
360 3997 472 4077 indicia
496 4020 594 4081 penes
615 4009 794 4085 equestrem
814 3997 959 4062 ordinem
980 4011 1104 4071 esseut,
1128 4005 1160 4058 et
1178 3995 1221 4059 P.
1240 3992 1363 4057 Rutilio
1384 3993 1473 4054 dam-

135 4105 214 4160 nato
228 4115 323 4159 nemo
340 4106 403 4159 tam
419 4093 574 4165 innocens
590 4096 773 4172 videretur,
798 4106 832 4158 nt
849 4114 914 4158 non
932 4093 1059 4155 timeret
1074 4088 1160 4155 1116.”
1183 4109 1246 4172 pro
1262 4089 1377 4153 Scaur.
1390 4086 1424 4149 t.
1435 4085 1467 4153 1.

226 4190 295 4271 ,0.
318 4189 474 4254 866611166
497 4188 625 4273 Caepio
648 4192 801 4255 Scaurum
825 4189 869 4253 ob
892 4183 1063 4273 legationis
1085 4182 1247 4249 Asiaticae
1270 4179 1419 4245 invidiam
1438 4188 1471 4245 et

135 4286 290 4350 adversus
319 4284 411 4370 leges
440 4284 645 4366 pecuniarum
679 4296 843 4373 captarum
875 4303 965 4346 reum
995 4280 1074 4344 fecit
1107 4278 1355 4362 repetundarum
1381 4274 1467 4361 iege,

131 4400 231 4465 quam
254 4379 323 4442 tulit
345 4377 512 4443 Servilius
532 4379 714 4445 Glaucio.’'
759 4379 885 4443 Ascon.
908 4374 939 4439 in
962 4374 1077 4438 Scaur.
1100 4395 1135 4457 p.
1159 4372 1213 4436 tt.

57 4498 61 4504 ¹
205 4473 314 4536 ‚lubet
329 4471 383 4537 lex
398 4470 480 4535 Iulia
498 4472 649 4559 persequi
664 4475 704 4537 ab
721 4470 776 4550 iis,
800 4473 839 4534 ad
855 4490 938 4556 quos
952 4489 988 4532 ea
1002 4467 1159 4551 pecunia,
1181 4462 1466 4548 quamisceperit‚
1529 4512 1559 4539 ,

132 4566 189 4650 qui
210 4568 375 4630 damnatus
397 4566 454 4642 sit,
485 4566 684 4649 pervenerit.
729 4566 764 4631 Si
786 4566 919 4645 esthon
944 4583 1064 4626 novum
1087 4561 1120 4624 in
1142 4560 1216 4645 lege
1242 4556 1345 4636 Iulia,
1375 4553 1469 4622 sicuti

134 4661 234 4725 nauita
255 4672 330 4725 sunt
349 4661 493 4726 severius
516 4662 637 4745 scripta
661 4680 756 4747 quam
777 4658 812 4724 in
834 4656 971 4742 antiquis
994 4657 1121 4741 legibus
1141 4667 1173 4723 et
1197 4651 1355 4727 sanctius,
1379 4650 1471 4715 indu-

135 4766 230 4819 catur
249 4776 326 4821 sane
353 4754 446 4823 etiam
468 4758 667 4821 consuetudo
689 4754 782 4819 huius
811 4749 939 4839 generis
965 4750 1154 4819 iudiciorum
1184 4767 1284 4813 nova.
1328 4745 1383 4811 Sin
1406 4744 1471 4807 hoc

137 4849 270 4914 totidem
292 4846 401 4917 verbis
428 4842 613 4935 translatum
635 4860 732 4933 caput
752 4857 816 4927 est,
841 4854 921 4932 quot
946 4844 1007 4910 tuit
1029 4864 1093 4910 non
1120 4840 1272 4911 modain
1301 4836 1466 4917 Cornelia,
