3328 5576
302 336 343 402 58
908 332 1059 400 INDEX
1087 421 1093 437 Ι

388 489 594 575 Κορινθίων,
624 477 904 550 Corinthiorum,
932 474 1033 540 intell.
1055 487 1220 557 πολιτεία,
1243 482 1438 566 respublica,
1458 486 1534 551 liber
1548 488 1597 554 Di·

303 580 479 646 caearchi..
520 580 740 665 ,Κορινθίων
768 583 799 637 et
823 574 1014 650 ’mesano
1035 584 1116 656 pute
1141 596 1192 639 me
1221 576 1345 641 Romae
1374 579 1527 645 babere.’'
1568 586 1597 646 al

304 681 377 742 Ass.
398 675 447 741 ΙΙ.
475 674 513 749 t,
540 673 574 735 ν.

385 771 539 853 Kalama,
569 785 723 840 cosmoe,
751 761 956 846 magistratus
986 759 1203 827 Cretensium.
1254 765 1382 849 „Etiam
1413 769 1537 851 Spartae
1562 794 1600 836 re

302 877 418 953 gnente
447 865 665 943 Theopompo
691 869 764 921 sunt
790 857 866 920 item
891 855 1051 940 quinque,
1084 879 1165 942 quos
1197 858 1242 922 illi
1268 863 1413 944 eplseros
1439 865 1600 947 appellant,

300 964 332 1025 in
355 959 452 1024 Creta
482 966 585 1019 autem
608 956 734 1028 decem,
765 950 820 1036 qui
842 971 978 1014 cosmoe
999 964 1176 1028 vocantur,
1201 964 1237 1017 ut
1257 968 1372 1021 contra
1386 959 1601 1024 consulereim

300 1054 423 1138 perium
446 1047 565 1115 tribuni
591 1046 710 1130 plebis,
732 1045 778 1109 sic
802 1044 849 1109 illi
872 1057 984 1108 eontra
1003 1045 1065 1109 vim
1084 1048 1228 1132 regiam,
1251 1050 1453 1116 constituti.'’
1476 1053 1512 1116 sle
1532 1055 1601 1135 Rep.

300 1154 348 1218 Π.
370 1150 429 1225 88,
460 1148 515 1212 58.
560 1140 661 1208 cont.
693 1140 835 1205 Aristot.
866 1139 968 1204 Polit.
1001 1141 1059 1205 ΙΙ..
1085 1143 1117 1204 8.
1150 1144 1204 1224 (p.
1228 1144 1283 1207 51.
1307 1144 1331 1207 l.
1362 1147 1414 1211 lt.
1439 1148 1489 1210 ed.
1515 1147 1601 1210 Belli.

299 1246 418 1325 mim:
449 1244 492 1310 Οἱ
510 1252 569 1326 μὲν
585 1238 650 1325 γὰρ·
673 1236 795 1323 ἔφοροι
818 1235 874 1314 τὴν
895 1237 998 1314 αόιήν
1018 1234 1134 1315 ἔχουσι
1157 1237 1297 1321 δύναμιν
1313 1254 1379 1316 τοῖς
1398 1245 1492 1326 ἐν-τῇ
1508 1241 1602 1327 Κρέον
1635 1246 1636 1321 J

299 1349 510 1425 καλουμένοις
540 1334 694 1418 κόσμοις,
724 1331 807 1409 πλὴν
835 1339 868 1395 οἱ
898 1342 957 1412 μὲν
985 1330 1108 1418 ἔφοροι
1135 1344 1226 1398 πέντε
1254 1333 1311 1399 τόν
1337 1336 1502 1422 ἀριθμόν,
1529 1344 1559 1401 οἱ
1578 1341 1603 1399 ll
1635 1332 1636 1337 ἵ

299 1438 515 1521 ariowaldum
536 1439 626 1497 εἰσίν.
1026 1495 1031 1499 ,
1189 1454 1191 1457 “

382 1528 539 1614 Κόσμος,
565 1521 726 1587 mundus.
780 1516 957 1602 „Cumque
986 1518 1117 1584 similem
1148 1521 1362 1588 universitatis
1391 1536 1522 1590 naturae
1547 1523 1603 1587 stt

298 1646 373 1692 cere
399 1624 516 1697 vellet,
547 1620 588 1683 aul
614 1613 845 1705 volubilitatem
873 1613 1060 1678 rotundavit
1089 1615 1304 1700 comitemque
1339 1640 1413 1683 eum
1450 1617 1603 1701 sapientiae
1635 1684 1636 1699 ρ

297 1743 391 1809 quiam
414 1716 554 1801 optimae
575 1713 688 1777 mentis
711 1708 821 1783 effecit
842 1707 1029 1793 circumque
1051 1730 1146 1774 omne
1169 1711 1291 1774 caelum
1317 1711 1603 1796 aequiditerrlistri-

296 1815 382 1891 buit,
413 1823 450 1877 ut
474 1813 559 1875 hunc
588 1810 649 1871 bae
673 1803 830 1869 varietate
843 1802 1037 1866 'distinctum
1068 1805 1149 1868 hene
1171 1804 1290 1870 Graeci
1317 1808 1465 1893 κόσμον,
1493 1828 1550 1873 nos
1567 1806 1605 1869 lu·
1635 1832 1636 1845 ν

300 1922 419 1976 centem
443 1909 591 1971 mundum
615 1895 892 1964 nominaremus.”
938 1896 1022 1963 Tim.
1048 1920 1077 1962 c.
1100 1901 1154 1963 10.
1528 1902 1536 1914 '
1635 1886 1636 1897 ό

383 2004 540 2091 [Κρήνη,
559 1984 671 2088 fone.
715 1996 754 2057 aul
776 1994 850 2055 All.
873 1991 957 2055 XII.
982 1992 1019 2066 5,
1044 1996 1097 2075 1.]

380 2097 606 2187 Κρινόμινον,
628 2088 796 2154 iudicatio
817 2108 874 2149 seu
895 2085 1016 2149 iudicii
1037 2088 1212 2172 quaesti&
1233 2091 1269 2153 in
1297 2112 1367 2176 quo
1392 2092 1499 2176 quasi
1515 2099 1608 2157 eertu-

299 2216 376 2261 men
404 2205 456 2257 est
480 2182 759 2254 controversiam
788 2202 858 2264 ιμια
883 2179 927 2243 sle
949 2202 987 2244 re
1008 2181 1141 2264 agitur.
1185 2185 1264 2258 „Ex
1280 2185 1410 2249 ratione
1433 2181 1608 2251 defensionis

210 2332 218 2347 .
296 2304 330 2356 et
354 2311 399 2352 ex
422 2286 620 2348 firmamento
644 2274 855 2339 accusationis
875 2274 983 2337 iudicii
1005 2276 1149 2359 quaestio
1171 2290 1323 2343 nascatur
1345 2292 1502 2362 oportet:
1533 2297 1607 2363 quan

295 2406 356 2450 nos
383 2377 626 2449 iudicationem,
661 2369 778 2435 Graeci
806 2369 998 2458 κρινόμενον
1028 2369 1230 2452 appellant.''
1281 2375 1320 2435 ad
1339 2376 1492 2441 Herenn.
1513 2374 1543 2439 l.
1566 2370 1608 2443 16,

296 2481 350 2544 26,
373 2506 414 2521 -
459 2469 648 2556 „Quidquid
669 2476 719 2530 est
743 2463 824 2528 enim
846 2462 943 2542 illud,
975 2462 1007 2525 in
1035 2484 1101 2545 quo
1122 2464 1212 2546 quasi
1233 2478 1396 2531 certamen
1421 2483 1471 2535 eet
1497 2478 1608 2534 ceree

295 2570 437 2646 versiae,
474 2565 562 2650 quod
585 2562 713 2626 Graece
742 2549 933 2647 κρινόμενον
958 2557 1094 2633 dieitur,
1128 2556 1161 2620 ie
1186 2559 1231 2623 ita
1258 2559 1321 2624 dici
1342 2565 1473 2644 placet,
1509 2574 1543 2626 ut
1559 2572 1609 2623 tra·

295 2672 428 2732 ducatur
454 2665 492 2725 sd
512 2668 701 2743 perpetuam
725 2652 947 2738 quaestionem
968 2663 1063 2736 atque
1087 2664 1121 2715 ut
1146 2656 1185 2717 de
1210 2653 1360 2718 universo
1393 2679 1520 2742 genere
1539 2655 1607 2719 ‹lica-

62 2766 63 2770 ’
163 2775 165 2780 ’
293 2760 386 2827 tur.’'
411 2760 534 2823 Orator
556 2753 616 2825 86,
642 2749 717 2813 126.
761 2745 874 2829 „Quae
892 2767 934 2808 ex
947 2757 1031 2810 statu
1050 2746 1395 2827 coutentioefficitun,
1422 2773 1494 2817 eam
1509 2747 1610 2816 Graeci

153 2892 157 2915 t
294 2856 485 2945 κρινόμενον
513 2856 643 2911 vocant.
699 2840 784 2904 Mihi
812 2840 918 2921 placet
943 2838 993 2915 id,
1028 2840 1178 2925 quoniam
1211 2844 1337 2927 quidem
1368 2850 1412 2910 ad
1441 2860 1474 2911 te
1503 2845 1609 2914 scribo,

283 2953 392 3037 ,QUA
414 2947 478 3012 DE
501 2942 563 3006 RE
587 2935 768 3003 AGITUR
791 2932 939 2997 vocari.''
985 2936 1073 3017 Top.
1094 2935 1155 3013 25,
1180 2937 1234 3002 95.

378 3048 501 3133 Κρίσις
525 3032 757 3124 Χρυοιπιιείοι,
791 3028 957 3093 iudicium
979 3052 1027 3092 ese
1053 3032 1242 3117 Chrysippi
1263 3038 1457 3102 sententia.
1513 3038 1613 3112 „uun

293 3147 386 3218 vide,
420 3151 491 3203 utra
523 3144 555 3196 te
582 3143 688 3219 κρίσις
723 3126 822 3211 magis
853 3125 1004 3201 delecleh
1039 3129 1293 3211 Χρυσικιιιίοιοο
1319 3150 1360 3193 an
1393 3134 1500 3210 haec,
1534 3148 1613 3216 quan

293 3249 405 3307 noster
424 3233 585 3298 Diodatus
605 3246 680 3290 non·
693 3221 929 3306 concoquetur.
943 3219 962 3245 ''
1007 3223 1045 3283 ed
1068 3222 1161 3287 Fam.
1185 3223 1250 3287 IX.
1274 3225 1307 3289 4.

377 3329 541 3418 Κρόνος,
558 3328 743 3388 Saturnus.
797 3316 992 3396 „Saturnum
1017 3327 1119 3379 autem
1145 3338 1215 3380 eum
1246 3339 1316 3383 esse
1339 3322 1545 3398 voluerunt,
1571 3311 1614 3401 qui

292 3446 419 3495 cursum
443 3434 474 3485 et
496 3413 744 3484 conversionem
774 3409 952 3493 spatiorum
974 3430 1011 3472 sc
1034 3422 1214 3493 temporum
1238 3412 1445 3492 contineret,
1480 3416 1536 3501 qui
1553 3416 1611 3475 deus

168 3529 175 3535 ,
293 3528 418 3588 Graece
445 3517 479 3580 il
506 3515 609 3595 ipsuis
637 3529 753 3573 nomeu
778 3506 892 3578 habet3
926 3503 1059 3592 Κρόνος
1087 3504 1169 3569 enim
1203 3506 1336 3584 dicitur,
1374 3512 1437 3597 qui
1472 3523 1523 3576 est
1546 3507 1612 3572 ilem

291 3617 428 3707 χρόνος,
451 3611 483 3674 id
506 3618 574 3680 est,
599 3602 734 3687 spetium
756 3598 950 3681 temporis.'’
993 3601 1031 3662 sle
1055 3601 1132 3662 Nat.
1155 3600 1261 3666 Deos.
1273 3603 1335 3690 fl·
1362 3605 1429 3682 25,
1454 3609 1512 3671 el.

375 3707 528 3780 Κιόιιος,
554 3702 713 3784 plausus.
766 3694 843 3775 „Ae
871 3713 1010 3768 vereor,
1043 3714 1082 3756 ne
1111 3693 1171 3759 iste
1197 3695 1257 3758 iaus
1289 3698 1483 3785 auctionem
1512 3694 1616 3764 nullam

289 3809 406 3882 faciat,
442 3804 499 3875 scd
521 3796 602 3861 ludis
627 3790 722 3857 saetis
747 3789 854 3869 κτόιιῳ
882 3785 1025 3850 subsidio
1048 3789 1200 3852 currat.'’
1244 3794 1283 3854 ad
1305 3793 1379 3856 Au.
1403 3796 1497 3861 ΧΙΙ.
1522 3795 1561 3870 3,
1590 3788 1616 3851 1.

291 3907 417 3986 Popma
441 3906 544 3959 sutem
563 3888 611 3952 ibi
629 3886 696 3971 legi
712 3884 783 3949 volt
804 3882 934 3965 ἀτόκῳ,
959 3892 991 3944 ct
1011 3880 1145 3968 intelligi
1165 3884 1313 3949 Balbum.
1337 3888 1431 3954 Na'm
1448 3891 1544 3962 balbi
1557 3895 1621 3954 sunt

290 3998 422 4065 ἄτοποι.
449 3989 576 4054 Probat
598 3979 784 4046 Tunstellus
806 4000 839 4059 p.
865 3977 938 4040 160.
963 3977 1048 4041 Euu.

297 4166 300 4169 ,
374 4089 523 4160 Κύκλος,
555 4077 724 4149 circulus,
755 4074 860 4138 orbis.
916 4069 1024 4153 „Cum
1053 4074 1133 4138 duae
1157 4074 1282 4139 formae
1309 4092 1525 4158 praestantes
1552 4079 1623 4152 sint,

290 4212 332 4254 ex
353 4180 463 4250 solidis
482 4177 599 4262 globus
623 4169 687 4252 (sie
709 4168 788 4232 enim
810 4179 962 4253 σφαῖραν
986 4167 1192 4250 interpretari
1212 4170 1354 4252 placet);
1382 4195 1429 4238 ex
1453 4177 1562 4259 planis
1579 4195 1626 4235 au·

289 4297 351 4347 tem
376 4275 512 4343 circulus
535 4279 590 4332 aut
613 4263 722 4338 orbis,
752 4261 807 4347 qui
825 4260 940 4337 κύκλος
962 4263 1089 4325 Graece
1112 4262 1245 4326 elicitur:
1276 4265 1325 4329 his
1355 4269 1496 4336 duabus
1520 4268 1628 4338 formis

290 4370 449 4457 contingit
477 4365 572 4440 solis,
596 4373 631 4423 ut
656 4377 767 4423 omues
797 4376 906 4418 earum
932 4366 1040 4437 partes
1066 4354 1128 4418 siut
1148 4356 1232 4420 inter
1254 4380 1290 4421 se
1314 4357 1508 4430 simillimae
1531 4388 1550 4429 a
1573 4384 1630 4427 me·

290 4471 407 4553 dieque
436 4472 557 4527 tantum
588 4456 670 4521 absit
698 4464 893 4526 extremum,
930 4460 1082 4535 quantum
1108 4448 1189 4512 idem
1219 4472 1236 4513 a
1264 4452 1416 4522 semmel:
1454 4482 1528 4545 quo
1559 4456 1630 4525 nihil

290 4566 360 4633 lleri
381 4570 490 4647 potest
511 4550 652 4638 aptius.''
712 4550 752 4611 tle
779 4544 985 4631 Nat5Deor.
1010 4546 1057 4611 Π.
1082 4548 1141 4625 18,
1167 4551 1219 4611 lt.

375 4661 488 4742 Κιρια
511 4651 610 4728 δόξα,
641 4642 794 4708 maxime
822 4651 904 4704 reto
923 4640 1104 4705 sententie.
1157 4642 1262 4722 „Quis
1293 4657 1444 4714 restrum
1478 4678 1549 4722 non
1572 4653 1633 4720 eali·

289 4754 366 4820 dieit
386 4745 525 4833 Epicuri
549 4752 662 4827 κυρίας
688 4737 804 4815 &ilasi
837 4733 958 4809 idest,
992 4734 1082 4818 quasi
1099 4736 1366 4815 ,mariscen-etas,
1395 4747 1483 4829 quia
1508 4749 1632 4835 φή,

288 4852 386 4916 simae
408 4844 472 4911 sint
492 4841 533 4905 ad
549 4840 640 4901 beate
662 4831 835 4896 vivendum
854 4828 999 4895 breviter
1013 4830 1192 4894 enuntiatae
1205 4833 1383 4900 sententiae
1397 4838 1448 4901 ’.Ν
1475 4847 1518 4910 αθ
1540 4846 1631 4911 Ὲῑῃῃ,
