3328 5576
416 386 848 456 eunuco-unumne
971 442 973 451 ,
1107 356 1110 362 ’
1258 393 1314 457 ,ιι

61 532 94 593 ad
112 531 163 595 Au.
181 531 249 594 XV.
279 529 337 605 13,
372 530 403 592 3.
428 561 467 572 -
517 531 708 612 „Excudam
732 530 851 615 aliquid
869 535 1128 619 Ἡρακλειδιῐον,
1158 534 1247 619 quod
1267 534 1314 596 la-

61 623 288 687 teatinthesauris
310 623 412 689 tuis.'’
463 625 501 686 ad
532 627 605 689 An.
628 625 711 689 XV.
736 627 795 701 27,
828 626 861 689 2.
884 661 927 671 -
972 629 1257 714 ,Ἡρακλειδιῑοη
1287 625 1315 688 si

63 718 205 781 anduon
224 717 318 792 salvi,
343 718 532 782 adoriemur.
546 718 564 745 ’⁹
593 721 632 781 ad
656 722 726 783 Att.
752 721 854 784 XVI.
877 721 915 797 2,
947 721 979 787 b.
1002 755 1044 766 -
1088 724 1313 807 ,Πεπλοχρα-
1355 761 1358 767 ·

63 824 118 893 etas
131 811 257 875 Vsu-ouis
276 810 337 873 tibi
357 814 490 894 probari
514 834 577 875 non
601 814 733 876 moleste
755 813 847 878 sero:
877 838 896 878 a
921 836 987 899 quo
1012 816 1114 877 adhuc
1133 816 1313 901 Ἡρακλει-

61 904 192 970 dn‘crillud
219 927 278 970 non
301 905 455 969 ahstuli.'’
505 906 543 970 ad
569 908 644 971 An.
666 908 766 971 XVI.
794 911 850 984 11,
887 910 986 972 3.-
1036 909 1112 990 „De
1133 910 1320 996 Ἤρακλει-,

56 1004 104 1079 leth
128 999 276 1075 Varronis,
301 1001 431 1086 negotia
454 1000 560 1066 salsa:
585 1023 632 1063 me
651 1001 775 1084 quidem
796 1002 872 1066 nihil
891 1025 1028 1086 unquam
1050 1002 1096 1066 sic
1111 1001 1313 1065 delectavit.’'

52 1095 77 1154 ad
91 1094 146 1156 ιλιι.
162 1094 249 1157 XVI.
270 1095 326 1157 12.
568 1138 578 1152 -
1158 1129 1160 1133 ’

105 1187 243 1273 Ἡρώδης,
271 1188 450 1264 Herodes,
484 1189 704 1273 philosophus¹
719 1190 939 1266 Atheniensis,
969 1194 1007 1253 de
1029 1211 1094 1274 quo
1125 1188 1192 1252 uid.
1223 1187 1314 1253 Ono-

48 1280 175 1345 nnstiron.
215 1282 399 1370 ,Ἥράδης,
427 1285 454 1345 si
476 1285 574 1347 homo
596 1296 696 1360 essct,
726 1308 797 1349 esim
827 1285 1100 1365 (Dicaearchum)
1127 1284 1235 1369 potius
1266 1285 1314 1371 le-

46 1386 128 1457 geret,
147 1397 225 1459 quam
245 1399 335 1440 unam
358 1378 494 1441 litteram
516 1377 714 1459 scriberet.„''
759 1383 798 1442 ad
820 1381 891 1443 Att.
913 1380 961 1443 ll.
986 1380 1023 1458 2,
1049 1380 1081 1443 2.

102 1471 241 1557 Ἦρωῖκά,
259 1472 411 1537 heroica.
455 1474 496 1536 ad
516 1474 589 1537 Au.
612 1474 713 1537 XIV.
740 1475 802 1551 15,
827 1474 858 1536 2.

100 1563 207 1650 Ἥρως,
228 1568 340 1631 heros.
364 1566 565 1648 „Labienum
587 1568 687 1631 beroa
705 1566 853 1632 iudico.'’
876 1571 917 1631 ad
932 1569 1008 1633 An.
1030 1569 1115 1649 Vll.
1134 1570 1204 1647 tea,
1230 1572 1260 1635 1.
1274 1604 1315 1615 -

46 1656 152 1737 ,Nostri
169 1670 260 1723 antem
282 1662 405 1749 ἥρωες,
435 1664 524 1744 quod
544 1683 604 1745 per
625 1661 714 1743 ipsos
737 1662 851 1727 confici
872 1663 996 1745 potuit,
1028 1661 1262 1748 gloriosissime
1284 1675 1317 1728 et

46 1753 299 1835 magnificentissime
323 1756 573 1820 confecerunt.'’
616 1758 654 1818 ad
688 1756 760 1819 Att.
794 1757 896 1819 XIV.
932 1759 969 1834 lt,
1004 1757 1036 1820 2.
1071 1789 1112 1801 -·
1165 1757 1340 1823 Octauia·v

46 1864 88 1907 nus
100 1845 255 1925 „ridebatur
269 1871 348 1935 erge
364 1861 495 1933 nostros
517 1851 628 1936 ἥρωας
642 1849 685 1913 ita
707 1850 793 1926 lore,
817 1862 851 1914 ut
866 1872 925 1915 nos
941 1850 1109 1930 vellemus,
1126 1852 1315 1919 animatus.”

48 1938 143 2004 unte
160 1943 232 2007 XV.
253 1944 311 2020 12,
336 1944 370 2006 2.
1059 2030 1060 2033 ¹

106 2037 271 2116 Ἠοίιησας,
294 2060 320 2102 ιι
340 2039 417 2102 cibo
438 2039 648 2104 abstinuisti.
693 2086 708 2113 „
716 2041 819 2122 Spero
836 2038 971 2103 tibi'iam
989 2060 1077 2116 esse,
1100 2051 1140 2104 ut-
1152 2042 1315 2117 volumus,

52 2127 156 2207 uniam
176 2133 291 2215 quidem
328 2136 508 2211 ῆοίτησας,
544 2156 617 2196 cum
648 2134 764 2198 leviter
795 2146 974 2199 commotus
1003 2135 1130 2199 esses.''
1176 2139 1214 2199 ad
1245 2138 1316 2201 Att.

55 2219 169 2299 nitu,
186 2230 212 2289 1.

114 2319 151 2379 Ἥ
163 2326 275 2400 σκολιᾶς
292 2323 443 2399 ἀπάτας,
465 2323 586 2406 Supple
609 2345 650 2388 ex
671 2325 807 2389 Platone
829 2327 873 2389 L.
895 2325 943 2389 ΙΙ.
968 2325 1022 2408 [p.
1045 2325 1106 2388 365
1132 2324 1196 2407 B.]
1219 2326 1258 2388 de
1279 2349 1316 2389 re

59 2406 150 2485 publiea
171 2429 250 2494 ιιίχος
274 2417 424 2496 ἀναβάς,
453 2438 500 2480 αα
527 2417 682 2503 obliquae
710 2432 744 2482 et
776 2431 934 2484 versutae
951 2416 1107 2509 fraudis
1133 2435 1318 2485 conscenso

57 2519 137 2565 two·
166 2508 230 2576 Eun.
281 2513 407 2586 ,Nunc
432 2533 480 2579 me
503 2510 576 2575 iuva
598 2512 750 2590 consilio,
782 2514 920 2601 πότι-ρον
949 2520 1040 2588 δίκας
1067 2525 1169 2592 τεῖχος
1198 2514 1316 2592 ὕψιον,

54 2593 146 2675 Μ,
178 2617 270 2669 utrum
319 2616 430 2688 aperte
459 2606 630 2693 ‘hominem
671 2622 826 2703 asperoer
859 2620 892 2670 et
923 2627 1086 2691 respuam,
1128 2607 1151 2685 ἧ
1182 2614 1317 2684 σκολιάς

53 2688 172 2768 ιῖιάιος.”
212 2702 250 2761 ad
270 2702 347 2763 Ast.
368 2700 473 2764 XIII.
502 2700 556 2776 38,
580 2699 614 2762 2.
658 2700 805 2765 Platonis
829 2705 927 2764 verba
948 2702 1028 2764 baec
1049 2712 1143 2764 sunt:
1189 2705 1318 2787 ,Λίγοι

54 2782 97 2869 yde
110 2790 181 2855 ἄνιἰι
194 2797 253 2859 τάν
277 2795 414 2862 εἰκότων
431 2795 513 2882 πρὸς
532 2796 632 2861 αὑτὸν
653 2797 738 2860 κατά
759 2801 935 2887 Πίνδαρον
951 2806 1055 2862 ἐκεῖνο
1072 2793 1109 2861 τὸ
1129 2795 1318 2885 Πότερον

56 2879 240 2966 1ὶιιιτιῖχιίς
268 2891 400 2970 ὕψιον
429 2892 451 2969 ἤ
477 2896 671 2966 σκολιαῖς
698 2892 879 2968 ἀπάταις
912 2890 1074 2977 ἀντιβὰς
1103 2902 1173 2956 καὶ
1198 2901 1318 2976 ἐμαν-

54 2971 190 3046 τόιοῦιο
210 2984 469 3073 περιφράξας
499 2989 673 3063 διαβιῶς
696 2987 736 3048 ad
758 3008 850 3070 quiem
874 2986 983 3050 locum
1004 2985 1178 3067 audiendus
1199 2984 1230 3047 in
1252 2986 1319 3068 pri·

53 3066 93 3128 dit
108 3068 139 3134 C.
151 3074 188 3139 E.
202 3077 282 3143 Chr.
301 3076 493 3142 Schneider:
516 3082 619 3153 ,Ante
643 3079 820 3143 Belskerum
834 3081 1001 3165 legebatur
1022 3084 1114 3154 δίνας
1130 3090 1162 3141 et
1183 3083 1319 3156 σκολιάς

49 3161 156 3245 ἀπάτας,
179 3193 232 3235 nec
252 3173 348 3237 aliter
370 3171 490 3238 Cicero
513 3175 551 3235 ad
573 3173 646 3237 Att.
677 3175 720 3236 L.
752 3174 855 3238 XIII.
886 3195 937 3258 ep.
964 3174 1018 3237 38.
1047 3175 1159 3236 eodem
1187 3173 1321 3238 Pindari

46 3251 193 3347 lucentem
218 3266 313 3352 legit.
366 3268 430 3330 Sed
451 3266 495 3329 ihi
518 3266 644 3330 codices
668 3266 780 3350 optimi
802 3266 893 3331 Bosii
914 3274 1062 3344 σκολιαῖς
1087 3267 1233 3343 ἀπάταις
1262 3270 1319 3332 ha·

45 3346 114 3428 llll,
137 3369 162 3418 et
180 3359 207 3422 in
228 3363 333 3425 altero
356 3360 609 3436 Oxouiensium,
644 3362 699 3446 qni
722 3362 816 3425 ambo
845 3367 936 3437 δίκας
966 3376 1068 3440 τεῖχος
1094 3361 1198 3443 ὕψιον
1226 3362 1320 3426 omit·

46 3452 107 3521 ¹⁰²¹,
132 3463 171 3513 ut
188 3460 322 3532 σκολιᾶς
346 3454 500 3531 ἀπάταις.
546 3454 692 3537 Epistola
716 3468 818 3519 aunem
845 3459 911 3533 dl„
934 3477 996 3541 qna
1016 3455 1131 3521 iterum
1154 3456 1234 3517 baec
1255 3458 1319 3520 dito

51 3540 117 3605 'stlat
133 3546 248 3614 Piodari
271 3549 417 3624 adhibet,
442 3551 522 3612 alter
543 3571 584 3612 ex
606 3549 754 3613 Bosianis
777 3562 809 3612 et
830 3552 924 3614 ambo
948 3548 1149 3615 Oxonienses
1171 3557 1320 3628 σκολιαῖς
1387 3630 1391 3639 Ι

52 3632 150 3731 fisum
172 3644 301 3719 hahent,
333 3653 368 3708 nt
389 3643 482 3707 etiam
506 3643 625 3709 Cicero
649 3650 724 3725 δίκᾳ
746 3655 778 3707 et
800 3650 948 3720 σκολιαῖς
975 3642 1120 3719 ἀπάταις
1149 3644 1265 3728 legisse
1288 3656 1320 3709 et

53 3742 94 3801 ll*
113 3733 211 3801 dixisse
238 3738 400 3802 rideatur.
454 3737 572 3802 Similis
601 3740 721 3820 primae
751 3736 900 3802 editionis
923 3749 954 3800 et
976 3749 1129 3800 mstorum
1160 3737 1316 3803 dissensio

58 3821 260 3925 §lemanni
283 3832 362 3895 diss.
384 3832 523 3917 XVIII.
546 3830 628 3907 init,
652 3832 707 3895 illa
736 3834 789 3914 (p.
821 3835 896 3912 10.)
929 3831 1066 3921 πότερον
1094 3835 1186 3907 δίκας
1214 3847 1318 3911 τεῖχος

58 3918 152 4001 ”imi
168 3931 300 4003 ortolanie
322 3926 454 4003 ἀπάτας
470 3929 666 4011 ἀναβαίνειν
691 3926 881 4006 ἐπιχθόνιοι
903 3940 992 4009 γένος
1010 3924 1210 4012 ἀνθρώπων,
1240 3931 1317 4005 δίχα

55 4026 98 4113 (m
117 4013 165 4093 'itt
197 4025 370 4111 ἀτρέκειαν
408 4031 523 4096 εἰπεῖν,
559 4032 591 4083 et
623 4020 735 4091 iterum
770 4021 907 4111 πότερον
937 4027 1028 4096 δίκας
1061 4033 1165 4099 τεῖχος
1193 4018 1317 4101 ὕψιον,

53 4102 285 4182 tuiciensis
309 4117 360 4183 ὅτι
385 4127 441 4182 ναί
470 4121 562 4203 δίκας
593 4131 695 4194 τεῖχος
720 4116 839 4195 ὕψιον,
872 4126 928 4180 καὶ
953 4114 996 4198 μή
1029 4118 1164 4189 σκολιάς
1188 4113 1318 4190 ἀπάτας

49 4192 191 4277 induem
209 4212 400 4290 ἐπιχθόνιοι
418 4223 508 4294 γένος
533 4209 716 4294 ἀνθρώπων
738 4210 925 4287 exhibente,
950 4207 1115 4273 codicibus
1137 4228 1217 4272 vero
1240 4202 1320 4273 dno-

46 4284 89 4349 lll
109 4298 270 4369 altarino
298 4303 423 4370 collatis
452 4303 578 4368 dativus
607 4304 854 4389 praebentibus,
887 4324 970 4388 qnos
991 4302 1134 4381 restitnit
1151 4302 1318 4368 Davisius.

44 4376 152 4473 Mune
177 4418 215 4461 ex
242 4399 607 4484 Atticohpbilosopbo
637 4398 824 4473 Platonico,
859 4388 1017 4462 Eusebius
1044 4394 1158 4478 praep.
1189 4419 1242 4461 ev.
1273 4398 1317 4460 L.

45 4472 103 4543 XV.
120 4507 149 4566 p.
169 4492 241 4555 lhh.
265 4494 307 4557 R.
331 4493 445 4574 Stepb.
467 4493 547 4557 haec
568 4492 687 4556 relect:
718 4492 855 4579 πότερον
883 4492 921 4571 δὴ
948 4493 1017 4556 κατ’
1038 4495 1126 4569 ἴχνος
1150 4489 1269 4572 ὕψιον,
1298 4492 1321 4571 ἤ

46 4580 155 4657 “mimis
172 4588 310 4665 ἀπάταις
334 4592 511 4672 ἀναβαίνει
532 4586 723 4666 ἐπιχθόνιοι
748 4600 839 4670 γένος
864 4586 1009 4672 ἀνδρῶν,
1038 4583 1069 4645 in
1091 4582 1207 4666 quibus
1228 4580 1322 4667 prior

47 4660 137 4768 lilim
160 4680 243 4743 nirllo
271 4684 405 4768 negotio
434 4678 633 4768 agnoscitur.
683 4680 752 4745 Iam
780 4701 861 4743 vero
885 4680 924 4741 ab
946 4680 1005 4741 hac
1027 4675 1215 4753 Ciceronis,
1248 4677 1323 4740 Ma-

47 4761 113 4843 11ιὶι
140 4770 231 4838 Attici
257 4776 391 4842 lectione
421 4775 620 4843 Platonicam
650 4776 806 4839 diversam
837 4795 902 4839 non
932 4770 1031 4836 luisse
1060 4770 1189 4834 codices
1218 4769 1322 4833 decla-

48 4867 106 4923 VV·
122 4895 155 4911 ·
175 4902 213 4915 -
234 4870 420 4936 Orationem
440 4858 542 4955 ipsam
564 4889 645 4935 vero
668 4868 769 4931 multo
792 4865 1019 4953 elegantiorem
1043 4876 1074 4927 et
1095 4860 1240 4930 Pindaro
1260 4882 1324 4926 ma-

96 4973 204 5031 νιιιυι
221 4988 273 5034 cn.
292 4988 337 5033 m.
1161 4978 1177 5024 ι
