<?xml version="1.0" encoding="UTF-8"?>
<!DOCTYPE html PUBLIC "-//W3C//DTD XHTML 1.0 Transitional//EN"
    "http://www.w3.org/TR/xhtml1/DTD/xhtml1-transitional.dtd">
<html xmlns="http://www.w3.org/1999/xhtml" xml:lang="en" lang="en">
 <head>
  <title>
</title>
<meta http-equiv="Content-Type" content="text/html;charset=utf-8" />
  <meta name='ocr-system' content='tesseract 3.04.00' />
  <meta name='ocr-capabilities' content='ocr_page ocr_carea ocr_par ocr_line ocrx_word'/>
</head>
<body>
  <div class='ocr_page' id='page_1' title='image "./mtulliiciceroni01fabrgoog_0456.png"; bbox 0 0 3338 5584; ppageno 0'>
   <div class='ocr_carea' id='block_1_1' title="bbox 428 361 1349 434">
    <p class='ocr_par' dir='ltr' id='par_1_1' title="bbox 428 361 1349 434">
     <span class='ocr_line' id='line_1_1' title="bbox 428 361 1349 434; baseline 0.008 -9"><span class='ocrx_word' id='word_1_1' title='bbox 428 361 579 427; x_wconf 77' lang='lat' dir='ltr'>lnnex</span> <span class='ocrx_word' id='word_1_2' title='bbox 599 363 951 432; x_wconf 74' lang='lat' dir='ltr'>FORMULARUM.</span> <span class='ocrx_word' id='word_1_3' title='bbox 1160 368 1166 381; x_wconf 89' lang='lat'>&#39;</span> <span class='ocrx_word' id='word_1_4' title='bbox 1289 368 1349 434; x_wconf 82' lang='grc'>131</span> 
     </span>
    </p>
   </div>
   <div class='ocr_carea' id='block_1_2' title="bbox 14 496 1351 4793">
    <p class='ocr_par' dir='ltr' id='par_1_2' title="bbox 39 496 1351 671">
     <span class='ocr_line' id='line_1_2' title="bbox 39 496 1351 589; baseline 0.002 -25"><span class='ocrx_word' id='word_1_5' title='bbox 39 500 240 565; x_wconf 82' lang='lat' dir='ltr'>Decsmhr.</span> <span class='ocrx_word' id='word_1_6' title='bbox 261 498 406 579; x_wconf 84' lang='lat' dir='ltr'>Philipp.</span> <span class='ocrx_word' id='word_1_7' title='bbox 420 499 451 572; x_wconf 86' lang='grc'>3,</span> <span class='ocrx_word' id='word_1_8' title='bbox 469 500 500 573; x_wconf 92' lang='grc'>8,</span> <span class='ocrx_word' id='word_1_9' title='bbox 516 496 567 563; x_wconf 79' lang='grc'>19.</span> <span class='ocrx_word' id='word_1_10' title='bbox 590 532 631 545; x_wconf 90' lang='lat'>—-</span> <span class='ocrx_word' id='word_1_11' title='bbox 654 502 836 564; x_wconf 75' lang='lat' dir='ltr'>Senatum</span> <span class='ocrx_word' id='word_1_12' title='bbox 856 503 937 566; x_wconf 85' lang='lat' dir='ltr'>velle</span> <span class='ocrx_word' id='word_1_13' title='bbox 958 524 992 566; x_wconf 91' lang='lat' dir='ltr'>se</span> <span class='ocrx_word' id='word_1_14' title='bbox 1009 504 1266 589; x_wconf 73' lang='lat' dir='ltr'>frequentem</span> <span class='ocrx_word' id='word_1_15' title='bbox 1286 508 1351 567; x_wconf 87' lang='lat' dir='ltr'>ad·</span> 
     </span>
     <span class='ocr_line' id='line_1_3' title="bbox 39 590 1054 671; baseline 0.005 -17"><span class='ocrx_word' id='word_1_16' title='bbox 39 613 118 655; x_wconf 88' lang='lat' dir='ltr'>esse</span> <span class='ocrx_word' id='word_1_17' title='bbox 139 592 228 654; x_wconf 87' lang='lat' dir='ltr'>etiam</span> <span class='ocrx_word' id='word_1_18' title='bbox 247 590 386 654; x_wconf 81' lang='lat' dir='ltr'>Formiis</span> <span class='ocrx_word' id='word_1_19' title='bbox 408 591 569 671; x_wconf 72' lang='lat' dir='ltr'>proscribi</span> <span class='ocrx_word' id='word_1_20' title='bbox 588 592 693 655; x_wconf 89' lang='lat' dir='ltr'>iussit.</span> <span class='ocrx_word' id='word_1_21' title='bbox 718 596 757 655; x_wconf 88' lang='lat' dir='ltr'>ad</span> <span class='ocrx_word' id='word_1_22' title='bbox 778 595 850 656; x_wconf 75' lang='lat' dir='ltr'>Ars.</span> <span class='ocrx_word' id='word_1_23' title='bbox 874 596 912 667; x_wconf 95' lang='grc'>9,</span> <span class='ocrx_word' id='word_1_24' title='bbox 939 598 1000 670; x_wconf 90' lang='grc'>17,</span> <span class='ocrx_word' id='word_1_25' title='bbox 1024 601 1054 659; x_wconf 90' lang='grc'>1.</span> 
     </span>
    </p>

    <p class='ocr_par' dir='ltr' id='par_1_3' title="bbox 117 683 1308 766">
     <span class='ocr_line' id='line_1_4' title="bbox 117 683 1308 766; baseline 0.007 -21"><span class='ocrx_word' id='word_1_26' title='bbox 117 684 328 747; x_wconf 79' lang='lat' dir='ltr'>Senianum·</span> <span class='ocrx_word' id='word_1_27' title='bbox 345 683 629 763; x_wconf 87' lang='lat' dir='ltr'>iuniorumque</span> <span class='ocrx_word' id='word_1_28' title='bbox 651 686 874 751; x_wconf 75' lang='lat' dir='ltr'>centuriae.</span> <span class='ocrx_word' id='word_1_29' title='bbox 919 689 1021 751; x_wconf 88' lang='lat' dir='ltr'>Verr.</span> <span class='ocrx_word' id='word_1_30' title='bbox 1044 688 1165 752; x_wconf 86' lang='lat' dir='ltr'>Aecus.</span> <span class='ocrx_word' id='word_1_31' title='bbox 1189 690 1226 766; x_wconf 98' lang='lat'>5,</span> <span class='ocrx_word' id='word_1_32' title='bbox 1255 691 1308 753; x_wconf 83' lang='lat'>15.</span> 
     </span>
    </p>

    <p class='ocr_par' dir='ltr' id='par_1_4' title="bbox 114 776 997 857">
     <span class='ocr_line' id='line_1_5' title="bbox 114 776 997 857; baseline 0.002 -18"><span class='ocrx_word' id='word_1_33' title='bbox 114 776 396 856; x_wconf 89' lang='lat' dir='ltr'>Sepulchrum.</span> <span class='ocrx_word' id='word_1_34' title='bbox 440 776 525 838; x_wconf 87' lang='lat' dir='ltr'>Vide</span> <span class='ocrx_word' id='word_1_35' title='bbox 547 778 634 839; x_wconf 88' lang='lat' dir='ltr'>lter</span> <span class='ocrx_word' id='word_1_36' title='bbox 656 780 702 838; x_wconf 90' lang='lat' dir='ltr'>ad</span> <span class='ocrx_word' id='word_1_37' title='bbox 723 778 997 857; x_wconf 76' lang='lat' dir='ltr'>sepulchrum.</span> 
     </span>
    </p>

    <p class='ocr_par' dir='ltr' id='par_1_5' title="bbox 34 867 1349 1139">
     <span class='ocr_line' id='line_1_6' title="bbox 114 867 1348 953; baseline 0.005 -25"><span class='ocrx_word' id='word_1_38' title='bbox 114 869 345 949; x_wconf 90' lang='lat' dir='ltr'>Sequester.</span> <span class='ocrx_word' id='word_1_39' title='bbox 389 867 513 949; x_wconf 83' lang='lat' dir='ltr'>Aliquo</span> <span class='ocrx_word' id='word_1_40' title='bbox 535 881 746 951; x_wconf 72' lang='lat' dir='ltr'>sequestre</span> <span class='ocrx_word' id='word_1_41' title='bbox 768 869 798 932; x_wconf 92' lang='lat' dir='ltr'>in</span> <span class='ocrx_word' id='word_1_42' title='bbox 814 869 918 933; x_wconf 90' lang='lat' dir='ltr'>indice</span> <span class='ocrx_word' id='word_1_43' title='bbox 939 874 1175 953; x_wconf 87' lang='lat' dir='ltr'>corrumpendo</span> <span class='ocrx_word' id='word_1_44' title='bbox 1195 871 1254 933; x_wconf 91' lang='lat' dir='ltr'>uti.</span> <span class='ocrx_word' id='word_1_45' title='bbox 1286 892 1348 952; x_wconf 88' lang='lat' dir='ltr'>pro</span> 
     </span>
     <span class='ocr_line' id='line_1_7' title="bbox 36 948 1349 1043; baseline 0.002 -21"><span class='ocrx_word' id='word_1_46' title='bbox 36 957 178 1022; x_wconf 88' lang='lat' dir='ltr'>Cluentio</span> <span class='ocrx_word' id='word_1_47' title='bbox 200 959 238 1032; x_wconf 90' lang='lat'>8,</span> <span class='ocrx_word' id='word_1_48' title='bbox 264 959 317 1020; x_wconf 92' lang='grc'><strong>25.</strong></span> <span class='ocrx_word' id='word_1_49' title='bbox 346 948 386 1000; x_wconf 80' lang='lat'>-&#39;</span> <span class='ocrx_word' id='word_1_50' title='bbox 419 960 582 1021; x_wconf 88' lang='lat' dir='ltr'>Venditor</span> <span class='ocrx_word' id='word_1_51' title='bbox 606 972 638 1021; x_wconf 92' lang='lat' dir='ltr'>et</span> <span class='ocrx_word' id='word_1_52' title='bbox 658 972 837 1040; x_wconf 84' lang='lat' dir='ltr'>corruptor</span> <span class='ocrx_word' id='word_1_53' title='bbox 863 975 894 1023; x_wconf 91' lang='lat' dir='ltr'>et</span> <span class='ocrx_word' id='word_1_54' title='bbox 916 975 1130 1043; x_wconf 84' lang='lat' dir='ltr'>sequester</span> <span class='ocrx_word' id='word_1_55' title='bbox 1150 962 1264 1025; x_wconf 89' lang='lat' dir='ltr'>tribur.</span> <span class='ocrx_word' id='word_1_56' title='bbox 1285 982 1349 1042; x_wconf 89' lang='lat' dir='ltr'>pro</span> 
     </span>
     <span class='ocr_line' id='line_1_8' title="bbox 34 1048 1346 1139; baseline 0.003 -27"><span class='ocrx_word' id='word_1_57' title='bbox 34 1051 161 1112; x_wconf 78' lang='lat' dir='ltr'>Plancio</span> <span class='ocrx_word' id='word_1_58' title='bbox 174 1049 230 1124; x_wconf 89' lang='grc'>16,</span> <span class='ocrx_word' id='word_1_59' title='bbox 245 1049 298 1139; x_wconf 81' lang='grc'><strong>38.</strong></span> <span class='ocrx_word' id='word_1_60' title='bbox 315 1082 356 1094; x_wconf 91' lang='lat'><em>-</em></span> <span class='ocrx_word' id='word_1_61' title='bbox 373 1048 534 1110; x_wconf 85' lang='lat' dir='ltr'>Sodalium</span> <span class='ocrx_word' id='word_1_62' title='bbox 552 1063 582 1111; x_wconf 87' lang='lat' dir='ltr'>et</span> <span class='ocrx_word' id='word_1_63' title='bbox 597 1052 865 1133; x_wconf 82' lang='lat' dir='ltr'>sequestrium</span> <span class='ocrx_word' id='word_1_64' title='bbox 882 1054 1015 1117; x_wconf 88' lang='lat' dir='ltr'>crimen.</span> <span class='ocrx_word' id='word_1_65' title='bbox 1038 1074 1099 1134; x_wconf 88' lang='lat' dir='ltr'>pro</span> <span class='ocrx_word' id='word_1_66' title='bbox 1119 1053 1232 1117; x_wconf 90' lang='lat' dir='ltr'>Caelio</span> <span class='ocrx_word' id='word_1_67' title='bbox 1248 1056 1278 1129; x_wconf 90' lang='grc'>7,</span> <span class='ocrx_word' id='word_1_68' title='bbox 1294 1055 1346 1116; x_wconf 90' lang='grc'>16.</span> 
     </span>
    </p>

    <p class='ocr_par' dir='ltr' id='par_1_6' title="bbox 116 1140 819 1223">
     <span class='ocr_line' id='line_1_9' title="bbox 116 1140 819 1223; baseline 0.004 -21"><span class='ocrx_word' id='word_1_69' title='bbox 116 1140 232 1223; x_wconf 87' lang='lat' dir='ltr'>Sequi</span> <span class='ocrx_word' id='word_1_70' title='bbox 256 1152 421 1221; x_wconf 85' lang='lat' dir='ltr'>patrem.</span> <span class='ocrx_word' id='word_1_71' title='bbox 467 1142 552 1203; x_wconf 84' lang='lat' dir='ltr'>Vide</span> <span class='ocrx_word' id='word_1_72' title='bbox 569 1142 819 1206; x_wconf 71' lang='lat' dir='ltr'>‚Divertium</span> 
     </span>
    </p>

    <p class='ocr_par' dir='ltr' id='par_1_7' title="bbox 113 1232 915 1313">
     <span class='ocr_line' id='line_1_10' title="bbox 113 1232 915 1313; baseline 0.004 -19"><span class='ocrx_word' id='word_1_73' title='bbox 113 1234 288 1294; x_wconf 86' lang='lat' dir='ltr'>Servare</span> <span class='ocrx_word' id='word_1_74' title='bbox 311 1232 356 1294; x_wconf 89' lang='lat' dir='ltr'>de</span> <span class='ocrx_word' id='word_1_75' title='bbox 378 1232 505 1294; x_wconf 90' lang='lat' dir='ltr'>caelo.</span> <span class='ocrx_word' id='word_1_76' title='bbox 550 1233 693 1313; x_wconf 86' lang='lat' dir='ltr'>Philipp.</span> <span class='ocrx_word' id='word_1_77' title='bbox 716 1235 754 1308; x_wconf 82' lang='lat'>2,</span> <span class='ocrx_word' id='word_1_78' title='bbox 779 1235 835 1311; x_wconf 90' lang='grc'>32,</span> <span class='ocrx_word' id='word_1_79' title='bbox 862 1236 915 1298; x_wconf 89' lang='grc'>81.</span> 
     </span>
    </p>

    <p class='ocr_par' dir='ltr' id='par_1_8' title="bbox 111 1323 1002 1391">
     <span class='ocr_line' id='line_1_11' title="bbox 111 1323 1002 1391; baseline 0.007 -6"><span class='ocrx_word' id='word_1_80' title='bbox 111 1323 284 1386; x_wconf 83' lang='lat' dir='ltr'>Servilia</span> <span class='ocrx_word' id='word_1_81' title='bbox 307 1334 491 1385; x_wconf 86' lang='lat' dir='ltr'>unctura.</span> <span class='ocrx_word' id='word_1_82' title='bbox 535 1325 622 1387; x_wconf 86' lang='lat' dir='ltr'>Vide</span> <span class='ocrx_word' id='word_1_83' title='bbox 645 1325 806 1388; x_wconf 86' lang='lat' dir='ltr'>Homini</span> <span class='ocrx_word' id='word_1_84' title='bbox 828 1339 1002 1391; x_wconf 90' lang='lat' dir='ltr'>mortuo.</span> 
     </span>
    </p>

    <p class='ocr_par' dir='ltr' id='par_1_9' title="bbox 31 1414 1346 1594">
     <span class='ocr_line' id='line_1_12' title="bbox 110 1414 1346 1503; baseline 0.007 -28"><span class='ocrx_word' id='word_1_85' title='bbox 110 1414 415 1478; x_wconf 85' lang='lat' dir='ltr'>SerriClodiae</span> <span class='ocrx_word' id='word_1_86' title='bbox 437 1416 665 1479; x_wconf 80' lang='lat' dir='ltr'>manumissi</span> <span class='ocrx_word' id='word_1_87' title='bbox 688 1419 732 1479; x_wconf 90' lang='lat' dir='ltr'>de</span> <span class='ocrx_word' id='word_1_88' title='bbox 755 1430 1026 1501; x_wconf 87' lang='lat' dir='ltr'>cognatorum</span> <span class='ocrx_word' id='word_1_89' title='bbox 1047 1420 1259 1488; x_wconf 89' lang='lat' dir='ltr'>sententia.</span> <span class='ocrx_word' id='word_1_90' title='bbox 1283 1442 1346 1503; x_wconf 92' lang='lat' dir='ltr'>pro</span> 
     </span>
     <span class='ocr_line' id='line_1_13' title="bbox 31 1506 552 1594; baseline -0.013 -23"><span class='ocrx_word' id='word_1_91' title='bbox 31 1506 137 1571; x_wconf 84' lang='lat' dir='ltr'>Caelio</span> <span class='ocrx_word' id='word_1_92' title='bbox 159 1508 217 1581; x_wconf 86' lang='grc'>29,</span> <span class='ocrx_word' id='word_1_93' title='bbox 242 1507 294 1571; x_wconf 92' lang='grc'>68.</span> <span class='ocrx_word' id='word_1_94' title='bbox 547 1581 552 1594; x_wconf 37' lang='grc' dir='ltr'>Ι</span> 
     </span>
    </p>

    <p class='ocr_par' dir='ltr' id='par_1_10' title="bbox 25 1598 1349 2028">
     <span class='ocr_line' id='line_1_14' title="bbox 109 1598 1349 1687; baseline 0.003 -26"><span class='ocrx_word' id='word_1_95' title='bbox 109 1598 310 1670; x_wconf 83' lang='lat' dir='ltr'>Servitus.</span> <span class='ocrx_word' id='word_1_96' title='bbox 354 1599 475 1678; x_wconf 80' lang='lat' dir='ltr'>Specus</span> <span class='ocrx_word' id='word_1_97' title='bbox 501 1603 729 1664; x_wconf 84' lang='lat' dir='ltr'>subterraneos</span> <span class='ocrx_word' id='word_1_98' title='bbox 757 1603 980 1666; x_wconf 83' lang='lat' dir='ltr'>servitutis</span> <span class='ocrx_word' id='word_1_99' title='bbox 1002 1615 1092 1684; x_wconf 86' lang='lat' dir='ltr'>putat</span> <span class='ocrx_word' id='word_1_100' title='bbox 1116 1604 1233 1687; x_wconf 90' lang='lat' dir='ltr'>aliquid</span> <span class='ocrx_word' id='word_1_101' title='bbox 1259 1603 1349 1666; x_wconf 90' lang='lat' dir='ltr'>habi·</span> 
     </span>
     <span class='ocr_line' id='line_1_15' title="bbox 28 1690 1347 1777; baseline 0.005 -27"><span class='ocrx_word' id='word_1_102' title='bbox 28 1701 128 1752; x_wconf 90' lang='lat' dir='ltr'>turos.</span> <span class='ocrx_word' id='word_1_103' title='bbox 152 1693 190 1753; x_wconf 92' lang='lat' dir='ltr'>ad</span> <span class='ocrx_word' id='word_1_104' title='bbox 204 1692 279 1753; x_wconf 79' lang='lat' dir='ltr'>Ari.</span> <span class='ocrx_word' id='word_1_105' title='bbox 305 1692 364 1764; x_wconf 92' lang='grc'>15,</span> <span class='ocrx_word' id='word_1_106' title='bbox 390 1691 449 1764; x_wconf 89' lang='grc'>26,</span> <span class='ocrx_word' id='word_1_107' title='bbox 473 1690 502 1754; x_wconf 92' lang='grc'>3.</span> <span class='ocrx_word' id='word_1_108' title='bbox 524 1725 565 1746; x_wconf 90' lang='grc'>-.-</span> <span class='ocrx_word' id='word_1_109' title='bbox 590 1690 709 1754; x_wconf 87' lang='lat' dir='ltr'>Calvus</span> <span class='ocrx_word' id='word_1_110' title='bbox 726 1692 830 1755; x_wconf 85' lang='lat' dir='ltr'>aiebat</span> <span class='ocrx_word' id='word_1_111' title='bbox 846 1715 926 1777; x_wconf 85' lang='lat' dir='ltr'>aqua</span> <span class='ocrx_word' id='word_1_112' title='bbox 942 1699 1067 1775; x_wconf 86' lang='lat' dir='ltr'>dempta</span> <span class='ocrx_word' id='word_1_113' title='bbox 1085 1695 1199 1765; x_wconf 63' lang='lat' dir='ltr'>eteius</span> <span class='ocrx_word' id='word_1_114' title='bbox 1219 1716 1347 1777; x_wconf 86' lang='lat' dir='ltr'>aquae</span> 
     </span>
     <span class='ocr_line' id='line_1_16' title="bbox 28 1782 1346 1866; baseline 0.002 -23"><span class='ocrx_word' id='word_1_115' title='bbox 28 1782 113 1844; x_wconf 89' lang='lat' dir='ltr'>iure</span> <span class='ocrx_word' id='word_1_116' title='bbox 134 1782 309 1846; x_wconf 89' lang='lat' dir='ltr'>constituto</span> <span class='ocrx_word' id='word_1_117' title='bbox 331 1793 363 1843; x_wconf 90' lang='lat' dir='ltr'>et</span> <span class='ocrx_word' id='word_1_118' title='bbox 383 1782 585 1845; x_wconf 83' lang='lat' dir='ltr'>servitute</span> <span class='ocrx_word' id='word_1_119' title='bbox 605 1784 733 1847; x_wconf 80' lang='lat' dir='ltr'>liindo</span> <span class='ocrx_word' id='word_1_120' title='bbox 754 1785 818 1847; x_wconf 94' lang='lat' dir='ltr'>illi</span> <span class='ocrx_word' id='word_1_121' title='bbox 839 1785 1049 1866; x_wconf 89' lang='lat' dir='ltr'>imposita,</span> <span class='ocrx_word' id='word_1_122' title='bbox 1074 1797 1177 1848; x_wconf 87' lang='lat' dir='ltr'>tamen</span> <span class='ocrx_word' id='word_1_123' title='bbox 1198 1806 1256 1847; x_wconf 90' lang='grc'>666</span> <span class='ocrx_word' id='word_1_124' title='bbox 1272 1806 1346 1864; x_wconf 89' lang='lat' dir='ltr'>pre·</span> 
     </span>
     <span class='ocr_line' id='line_1_17' title="bbox 25 1871 1345 1957; baseline 0.003 -23"><span class='ocrx_word' id='word_1_125' title='bbox 25 1872 99 1935; x_wconf 92' lang='lat' dir='ltr'>tium</span> <span class='ocrx_word' id='word_1_126' title='bbox 121 1895 251 1935; x_wconf 83' lang='lat' dir='ltr'>serrare</span> <span class='ocrx_word' id='word_1_127' title='bbox 272 1893 383 1954; x_wconf 83' lang='lat' dir='ltr'>posse,</span> <span class='ocrx_word' id='word_1_128' title='bbox 405 1871 432 1935; x_wconf 91' lang='lat' dir='ltr'>si</span> <span class='ocrx_word' id='word_1_129' title='bbox 454 1876 593 1936; x_wconf 85' lang='lat' dir='ltr'>vendere</span> <span class='ocrx_word' id='word_1_130' title='bbox 617 1876 780 1939; x_wconf 83' lang='lat' dir='ltr'>vellemus.</span> <span class='ocrx_word' id='word_1_131' title='bbox 805 1881 843 1939; x_wconf 91' lang='lat' dir='ltr'>ad</span> <span class='ocrx_word' id='word_1_132' title='bbox 867 1878 910 1957; x_wconf 85' lang='lat' dir='ltr'>Q.</span> <span class='ocrx_word' id='word_1_133' title='bbox 937 1877 996 1940; x_wconf 85' lang='lat' dir='ltr'>Fr.</span> <span class='ocrx_word' id='word_1_134' title='bbox 1020 1877 1056 1951; x_wconf 89' lang='grc'>3,</span> <span class='ocrx_word' id='word_1_135' title='bbox 1081 1880 1119 1951; x_wconf 86' lang='grc'>1,</span> <span class='ocrx_word' id='word_1_136' title='bbox 1141 1878 1173 1940; x_wconf 90' lang='grc'>3.</span> <span class='ocrx_word' id='word_1_137' title='bbox 1196 1910 1238 1923; x_wconf 83' lang='lat'>-</span> <span class='ocrx_word' id='word_1_138' title='bbox 1260 1876 1345 1938; x_wconf 88' lang='lat' dir='ltr'>Vide</span> 
     </span>
     <span class='ocr_line' id='line_1_18' title="bbox 27 1966 967 2028; baseline 0 -1"><span class='ocrx_word' id='word_1_139' title='bbox 27 1966 280 2028; x_wconf 85' lang='lat' dir='ltr'>Adiudicare.</span> <span class='ocrx_word' id='word_1_140' title='bbox 641 1981 643 1987; x_wconf 83' lang='lat'>·</span> <span class='ocrx_word' id='word_1_141' title='bbox 965 1988 967 1997; x_wconf 49' lang='lat'>‘</span> 
     </span>
    </p>

    <p class='ocr_par' dir='ltr' id='par_1_11' title="bbox 108 2058 710 2123">
     <span class='ocr_line' id='line_1_19' title="bbox 108 2058 710 2123; baseline 0.002 -3"><span class='ocrx_word' id='word_1_142' title='bbox 108 2058 284 2120; x_wconf 85' lang='lat' dir='ltr'>Sextula.</span> <span class='ocrx_word' id='word_1_143' title='bbox 329 2058 414 2120; x_wconf 89' lang='lat' dir='ltr'>Vide</span> <span class='ocrx_word' id='word_1_144' title='bbox 438 2059 710 2123; x_wconf 87' lang='lat' dir='ltr'>Testamenta.</span> 
     </span>
    </p>

    <p class='ocr_par' dir='ltr' id='par_1_12' title="bbox 109 2146 835 2232">
     <span class='ocr_line' id='line_1_20' title="bbox 109 2146 835 2232; baseline 0.006 -21"><span class='ocrx_word' id='word_1_145' title='bbox 109 2152 144 2212; x_wconf 91' lang='lat' dir='ltr'>S.</span> <span class='ocrx_word' id='word_1_146' title='bbox 168 2151 209 2212; x_wconf 85' lang='lat' dir='ltr'>F.</span> <span class='ocrx_word' id='word_1_147' title='bbox 233 2146 312 2232; x_wconf 85' lang='lat' dir='ltr'>(sine</span> <span class='ocrx_word' id='word_1_148' title='bbox 332 2148 474 2225; x_wconf 78' lang='lat' dir='ltr'>fraude.)</span> <span class='ocrx_word' id='word_1_149' title='bbox 503 2151 541 2211; x_wconf 91' lang='lat' dir='ltr'>ad</span> <span class='ocrx_word' id='word_1_150' title='bbox 564 2152 635 2211; x_wconf 85' lang='lat' dir='ltr'>Att.</span> <span class='ocrx_word' id='word_1_151' title='bbox 658 2152 698 2225; x_wconf 87' lang='grc'>3,</span> <span class='ocrx_word' id='word_1_152' title='bbox 723 2153 779 2225; x_wconf 91' lang='grc'>23,</span> <span class='ocrx_word' id='word_1_153' title='bbox 802 2153 835 2215; x_wconf 87' lang='grc'>3.</span> 
     </span>
    </p>

    <p class='ocr_par' dir='ltr' id='par_1_13' title="bbox 22 2238 1347 3046">
     <span class='ocr_line' id='line_1_21' title="bbox 107 2238 1347 2323; baseline 0.002 -21"><span class='ocrx_word' id='word_1_154' title='bbox 107 2238 272 2303; x_wconf 86' lang='lat' dir='ltr'>Sibora</span> <span class='ocrx_word' id='word_1_155' title='bbox 295 2261 365 2302; x_wconf 80' lang='lat' dir='ltr'>stra</span> <span class='ocrx_word' id='word_1_156' title='bbox 388 2253 451 2302; x_wconf 89' lang='lat' dir='ltr'>cet.</span> <span class='ocrx_word' id='word_1_157' title='bbox 495 2241 664 2303; x_wconf 81' lang='lat' dir='ltr'>Dolabella</span> <span class='ocrx_word' id='word_1_158' title='bbox 688 2255 820 2323; x_wconf 87' lang='lat' dir='ltr'>praetor</span> <span class='ocrx_word' id='word_1_159' title='bbox 843 2244 928 2307; x_wconf 89' lang='lat' dir='ltr'>iubet</span> <span class='ocrx_word' id='word_1_160' title='bbox 949 2246 992 2308; x_wconf 96' lang='lat' dir='ltr'>P.</span> <span class='ocrx_word' id='word_1_161' title='bbox 1013 2241 1176 2322; x_wconf 80' lang='lat' dir='ltr'>Quintium</span> <span class='ocrx_word' id='word_1_162' title='bbox 1198 2241 1347 2322; x_wconf 83' lang='lat' dir='ltr'>sponsio·</span> 
     </span>
     <span class='ocr_line' id='line_1_22' title="bbox 25 2331 1345 2397; baseline -0.002 -2"><span class='ocrx_word' id='word_1_163' title='bbox 25 2353 91 2395; x_wconf 83' lang='lat' dir='ltr'>nem</span> <span class='ocrx_word' id='word_1_164' title='bbox 106 2354 175 2395; x_wconf 89' lang='lat' dir='ltr'>cum</span> <span class='ocrx_word' id='word_1_165' title='bbox 194 2335 272 2395; x_wconf 86' lang='lat' dir='ltr'>Sex.</span> <span class='ocrx_word' id='word_1_166' title='bbox 286 2332 412 2394; x_wconf 87' lang='lat' dir='ltr'>Naevio</span> <span class='ocrx_word' id='word_1_167' title='bbox 427 2332 555 2393; x_wconf 85' lang='lat' dir='ltr'>lacere:</span> <span class='ocrx_word' id='word_1_168' title='bbox 580 2331 620 2392; x_wconf 87' lang='lat' dir='ltr'>Si</span> <span class='ocrx_word' id='word_1_169' title='bbox 643 2335 747 2396; x_wconf 89' lang='lat' dir='ltr'>bona</span> <span class='ocrx_word' id='word_1_170' title='bbox 770 2356 907 2397; x_wconf 77' lang='grc'><strong>666661</strong></span> <span class='ocrx_word' id='word_1_171' title='bbox 929 2335 1067 2397; x_wconf 89' lang='lat' dir='ltr'>edicto</span> <span class='ocrx_word' id='word_1_172' title='bbox 1089 2334 1131 2396; x_wconf 91' lang='lat' dir='ltr'>P.</span> <span class='ocrx_word' id='word_1_173' title='bbox 1156 2332 1345 2395; x_wconf 83' lang='lat' dir='ltr'>Burrieni</span> 
     </span>
     <span class='ocr_line' id='line_1_23' title="bbox 25 2422 1344 2507; baseline -0.001 -20"><span class='ocrx_word' id='word_1_174' title='bbox 25 2425 231 2505; x_wconf 85' lang='lat' dir='ltr'>praetoris</span> <span class='ocrx_word' id='word_1_175' title='bbox 261 2425 350 2486; x_wconf 89' lang='lat' dir='ltr'>dies</span> <span class='ocrx_word' id='word_1_176' title='bbox 370 2425 490 2486; x_wconf 83' lang='lat' dir='ltr'>XXX.</span> <span class='ocrx_word' id='word_1_177' title='bbox 522 2444 710 2504; x_wconf 89' lang='lat' dir='ltr'>possessa</span> <span class='ocrx_word' id='word_1_178' title='bbox 739 2436 886 2489; x_wconf 87' lang='lat' dir='ltr'>essent.</span> <span class='ocrx_word' id='word_1_179' title='bbox 921 2448 983 2507; x_wconf 89' lang='lat' dir='ltr'>pre</span> <span class='ocrx_word' id='word_1_180' title='bbox 1006 2428 1047 2490; x_wconf 90' lang='lat' dir='ltr'>P.</span> <span class='ocrx_word' id='word_1_181' title='bbox 1071 2422 1204 2502; x_wconf 86' lang='lat' dir='ltr'>Quintio</span> <span class='ocrx_word' id='word_1_182' title='bbox 1228 2422 1264 2497; x_wconf 91' lang='grc'>8,</span> <span class='ocrx_word' id='word_1_183' title='bbox 1289 2424 1344 2486; x_wconf 89' lang='grc'>30.</span> 
     </span>
     <span class='ocr_line' id='line_1_24' title="bbox 24 2514 1343 2596; baseline 0 -18"><span class='ocrx_word' id='word_1_184' title='bbox 24 2549 63 2561; x_wconf 91' lang='grc'>-</span> <span class='ocrx_word' id='word_1_185' title='bbox 92 2517 133 2579; x_wconf 89' lang='grc'>81</span> <span class='ocrx_word' id='word_1_186' title='bbox 159 2538 206 2581; x_wconf 84' lang='lat' dir='ltr'>ex</span> <span class='ocrx_word' id='word_1_187' title='bbox 240 2516 375 2578; x_wconf 89' lang='lat' dir='ltr'>edicto</span> <span class='ocrx_word' id='word_1_188' title='bbox 404 2514 612 2594; x_wconf 87' lang='lat' dir='ltr'>praetoris</span> <span class='ocrx_word' id='word_1_189' title='bbox 642 2516 745 2578; x_wconf 86' lang='lat' dir='ltr'>bona</span> <span class='ocrx_word' id='word_1_190' title='bbox 768 2518 809 2579; x_wconf 93' lang='lat' dir='ltr'>P.</span> <span class='ocrx_word' id='word_1_191' title='bbox 835 2516 993 2595; x_wconf 86' lang='lat' dir='ltr'>Quintil</span> <span class='ocrx_word' id='word_1_192' title='bbox 1022 2534 1218 2596; x_wconf 85' lang='lat' dir='ltr'>possessa</span> <span class='ocrx_word' id='word_1_193' title='bbox 1249 2514 1343 2578; x_wconf 91' lang='lat' dir='ltr'>siut.</span> 
     </span>
     <span class='ocr_line' id='line_1_25' title="bbox 24 2605 1344 2689; baseline -0.003 -17"><span class='ocrx_word' id='word_1_194' title='bbox 24 2609 105 2672; x_wconf 88' lang='lat' dir='ltr'>lbid.</span> <span class='ocrx_word' id='word_1_195' title='bbox 129 2610 188 2683; x_wconf 92' lang='grc'>27,</span> <span class='ocrx_word' id='word_1_196' title='bbox 213 2609 268 2671; x_wconf 80' lang='grc'>81.</span> <span class='ocrx_word' id='word_1_197' title='bbox 302 2643 343 2654; x_wconf 94' lang='grc'><strong>-</strong></span> <span class='ocrx_word' id='word_1_198' title='bbox 383 2607 464 2670; x_wconf 91' lang='lat' dir='ltr'>Cum</span> <span class='ocrx_word' id='word_1_199' title='bbox 494 2607 523 2668; x_wconf 91' lang='lat' dir='ltr'>ei</span> <span class='ocrx_word' id='word_1_200' title='bbox 555 2606 692 2669; x_wconf 84' lang='lat' dir='ltr'>dicerem</span> <span class='ocrx_word' id='word_1_201' title='bbox 723 2609 779 2669; x_wconf 87' lang='lat' dir='ltr'>tibi</span> <span class='ocrx_word' id='word_1_202' title='bbox 805 2609 906 2671; x_wconf 86' lang='lat' dir='ltr'>videri</span> <span class='ocrx_word' id='word_1_203' title='bbox 937 2607 1141 2689; x_wconf 85' lang='lat' dir='ltr'>sponsionem</span> <span class='ocrx_word' id='word_1_204' title='bbox 1167 2605 1253 2666; x_wconf 90' lang='lat' dir='ltr'>illam</span> <span class='ocrx_word' id='word_1_205' title='bbox 1277 2606 1344 2668; x_wconf 86' lang='lat' dir='ltr'>sine</span> 
     </span>
     <span class='ocr_line' id='line_1_26' title="bbox 23 2696 1343 2781; baseline -0.002 -18"><span class='ocrx_word' id='word_1_206' title='bbox 23 2700 162 2781; x_wconf 86' lang='lat' dir='ltr'>periculo</span> <span class='ocrx_word' id='word_1_207' title='bbox 183 2701 293 2767; x_wconf 82' lang='lat' dir='ltr'>lacere</span> <span class='ocrx_word' id='word_1_208' title='bbox 314 2720 427 2780; x_wconf 89' lang='lat' dir='ltr'>posse,</span> <span class='ocrx_word' id='word_1_209' title='bbox 452 2699 484 2760; x_wconf 91' lang='lat' dir='ltr'>si</span> <span class='ocrx_word' id='word_1_210' title='bbox 504 2701 706 2761; x_wconf 90' lang='lat' dir='ltr'>bonorum</span> <span class='ocrx_word' id='word_1_211' title='bbox 731 2699 948 2781; x_wconf 84' lang='lat' dir='ltr'>Turpiliae</span> <span class='ocrx_word' id='word_1_212' title='bbox 970 2696 1275 2780; x_wconf 86' lang='lat' dir='ltr'>possessionem</span> <span class='ocrx_word' id='word_1_213' title='bbox 1299 2696 1343 2773; x_wconf 88' lang='lat' dir='ltr'>Q.</span> 
     </span>
     <span class='ocr_line' id='line_1_27' title="bbox 24 2787 1345 2874; baseline -0.005 -19"><span class='ocrx_word' id='word_1_214' title='bbox 24 2791 173 2874; x_wconf 84' lang='lat' dir='ltr'>Caspio</span> <span class='ocrx_word' id='word_1_215' title='bbox 196 2805 367 2873; x_wconf 89' lang='lat' dir='ltr'>praetor</span> <span class='ocrx_word' id='word_1_216' title='bbox 389 2812 435 2851; x_wconf 86' lang='lat' dir='ltr'>ex</span> <span class='ocrx_word' id='word_1_217' title='bbox 458 2791 598 2852; x_wconf 89' lang='lat' dir='ltr'>edicto</span> <span class='ocrx_word' id='word_1_218' title='bbox 621 2812 695 2852; x_wconf 92' lang='lat' dir='ltr'>suo</span> <span class='ocrx_word' id='word_1_219' title='bbox 718 2791 810 2852; x_wconf 88' lang='lat' dir='ltr'>mihi</span> <span class='ocrx_word' id='word_1_220' title='bbox 833 2793 958 2867; x_wconf 89' lang='lat' dir='ltr'>dedit,</span> <span class='ocrx_word' id='word_1_221' title='bbox 990 2810 1110 2873; x_wconf 82' lang='lat' dir='ltr'>negare</span> <span class='ocrx_word' id='word_1_222' title='bbox 1137 2787 1241 2849; x_wconf 88' lang='lat' dir='ltr'>aiebat</span> <span class='ocrx_word' id='word_1_223' title='bbox 1268 2788 1345 2849; x_wconf 87' lang='lat' dir='ltr'>Ser·</span> 
     </span>
     <span class='ocr_line' id='line_1_28' title="bbox 23 2877 1343 2966; baseline -0.002 -22"><span class='ocrx_word' id='word_1_224' title='bbox 23 2885 105 2945; x_wconf 88' lang='lat' dir='ltr'>vium</span> <span class='ocrx_word' id='word_1_225' title='bbox 133 2886 257 2947; x_wconf 89' lang='lat' dir='ltr'>tabulas</span> <span class='ocrx_word' id='word_1_226' title='bbox 285 2882 464 2944; x_wconf 87' lang='lat' dir='ltr'>testamenti</span> <span class='ocrx_word' id='word_1_227' title='bbox 494 2903 562 2944; x_wconf 87' lang='lat' dir='ltr'>esse</span> <span class='ocrx_word' id='word_1_228' title='bbox 589 2903 658 2956; x_wconf 88' lang='lat' dir='ltr'>eas,</span> <span class='ocrx_word' id='word_1_229' title='bbox 691 2903 770 2966; x_wconf 86' lang='lat' dir='ltr'>quas</span> <span class='ocrx_word' id='word_1_230' title='bbox 797 2882 985 2946; x_wconf 84' lang='lat' dir='ltr'>instituisset</span> <span class='ocrx_word' id='word_1_231' title='bbox 1011 2883 1054 2958; x_wconf 91' lang='lat' dir='ltr'>is,</span> <span class='ocrx_word' id='word_1_232' title='bbox 1090 2880 1145 2964; x_wconf 94' lang='lat' dir='ltr'>qui</span> <span class='ocrx_word' id='word_1_233' title='bbox 1172 2877 1343 2945; x_wconf 81' lang='lat' dir='ltr'>sectionem</span> 
     </span>
     <span class='ocr_line' id='line_1_29' title="bbox 22 2974 785 3046; baseline 0.001 -11"><span class='ocrx_word' id='word_1_234' title='bbox 22 2976 197 3039; x_wconf 82' lang='lat' dir='ltr'>testamenti</span> <span class='ocrx_word' id='word_1_235' title='bbox 221 2996 285 3037; x_wconf 92' lang='grc'>666</span> <span class='ocrx_word' id='word_1_236' title='bbox 309 2974 467 3041; x_wconf 87' lang='lat' dir='ltr'>hahuerit.</span> <span class='ocrx_word' id='word_1_237' title='bbox 491 2977 530 3034; x_wconf 89' lang='lat' dir='ltr'>ad</span> <span class='ocrx_word' id='word_1_238' title='bbox 553 2975 645 3036; x_wconf 85' lang='lat' dir='ltr'>Fam.</span> <span class='ocrx_word' id='word_1_239' title='bbox 670 2976 706 3046; x_wconf 92' lang='grc'>7,</span> <span class='ocrx_word' id='word_1_240' title='bbox 731 2975 785 3037; x_wconf 90' lang='grc'>21.</span> 
     </span>
    </p>

    <p class='ocr_par' dir='ltr' id='par_1_14' title="bbox 20 3056 1343 3333">
     <span class='ocr_line' id='line_1_30' title="bbox 102 3056 1343 3148; baseline -0.004 -18"><span class='ocrx_word' id='word_1_241' title='bbox 102 3067 301 3148; x_wconf 88' lang='lat' dir='ltr'>Sibyllini</span> <span class='ocrx_word' id='word_1_242' title='bbox 331 3067 442 3128; x_wconf 89' lang='lat' dir='ltr'>libri.</span> <span class='ocrx_word' id='word_1_243' title='bbox 486 3056 528 3128; x_wconf 75' lang='lat' dir='ltr'>P.</span> <span class='ocrx_word' id='word_1_244' title='bbox 555 3065 669 3128; x_wconf 85' lang='lat' dir='ltr'>Mucio</span> <span class='ocrx_word' id='word_1_245' title='bbox 694 3067 735 3128; x_wconf 86' lang='lat'>1..</span> <span class='ocrx_word' id='word_1_246' title='bbox 771 3066 950 3147; x_wconf 89' lang='lat' dir='ltr'>Calpurnio</span> <span class='ocrx_word' id='word_1_247' title='bbox 973 3086 1058 3129; x_wconf 87' lang='grc'><strong>6666.</strong></span> <span class='ocrx_word' id='word_1_248' title='bbox 1088 3064 1203 3126; x_wconf 86' lang='lat' dir='ltr'>aditum</span> <span class='ocrx_word' id='word_1_249' title='bbox 1230 3075 1278 3126; x_wconf 90' lang='lat' dir='ltr'>est</span> <span class='ocrx_word' id='word_1_250' title='bbox 1304 3066 1343 3125; x_wconf 89' lang='lat' dir='ltr'>ad</span> 
     </span>
     <span class='ocr_line' id='line_1_31' title="bbox 20 3157 1343 3241; baseline -0.002 -22"><span class='ocrx_word' id='word_1_251' title='bbox 20 3159 119 3223; x_wconf 86' lang='lat' dir='ltr'>libros</span> <span class='ocrx_word' id='word_1_252' title='bbox 145 3161 337 3240; x_wconf 76' lang='lat' dir='ltr'>Sibylliu0s3</span> <span class='ocrx_word' id='word_1_253' title='bbox 360 3159 391 3220; x_wconf 90' lang='lat' dir='ltr'>in</span> <span class='ocrx_word' id='word_1_254' title='bbox 416 3159 530 3241; x_wconf 88' lang='lat' dir='ltr'>quihus</span> <span class='ocrx_word' id='word_1_255' title='bbox 553 3159 713 3220; x_wconf 79' lang='lat' dir='ltr'>inventum</span> <span class='ocrx_word' id='word_1_256' title='bbox 738 3169 787 3221; x_wconf 91' lang='lat' dir='ltr'>est</span> <span class='ocrx_word' id='word_1_257' title='bbox 810 3159 1003 3222; x_wconf 85' lang='lat' dir='ltr'>Cererem</span> <span class='ocrx_word' id='word_1_258' title='bbox 1025 3157 1343 3241; x_wconf 83' lang='lat' dir='ltr'>antiquissimam</span> 
     </span>
     <span class='ocr_line' id='line_1_32' title="bbox 20 3250 945 3333; baseline 0 -21"><span class='ocrx_word' id='word_1_259' title='bbox 20 3251 406 3333; x_wconf 82' lang='lat' dir='ltr'>placariopurtere.</span> <span class='ocrx_word' id='word_1_260' title='bbox 451 3252 551 3311; x_wconf 81' lang='lat' dir='ltr'>Vere.</span> <span class='ocrx_word' id='word_1_261' title='bbox 576 3252 697 3312; x_wconf 82' lang='lat' dir='ltr'>Accua.</span> <span class='ocrx_word' id='word_1_262' title='bbox 722 3253 759 3325; x_wconf 83' lang='grc'>1,</span> <span class='ocrx_word' id='word_1_263' title='bbox 784 3250 846 3324; x_wconf 84' lang='grc'>19,</span> <span class='ocrx_word' id='word_1_264' title='bbox 871 3251 945 3315; x_wconf 88' lang='grc'><strong>108.</strong></span> 
     </span>
    </p>

    <p class='ocr_par' dir='ltr' id='par_1_15' title="bbox 103 3340 896 3424">
     <span class='ocr_line' id='line_1_33' title="bbox 103 3340 896 3424; baseline -0.003 -19"><span class='ocrx_word' id='word_1_265' title='bbox 103 3345 221 3407; x_wconf 85' lang='grc'><strong>81666</strong></span> <span class='ocrx_word' id='word_1_266' title='bbox 243 3342 459 3424; x_wconf 74' lang='lat' dir='ltr'>quaestiones.</span> <span class='ocrx_word' id='word_1_267' title='bbox 493 3343 532 3402; x_wconf 87' lang='lat' dir='ltr'>de</span> <span class='ocrx_word' id='word_1_268' title='bbox 554 3343 598 3402; x_wconf 88' lang='lat' dir='ltr'>N.</span> <span class='ocrx_word' id='word_1_269' title='bbox 621 3340 668 3404; x_wconf 90' lang='lat' dir='ltr'>D.</span> <span class='ocrx_word' id='word_1_270' title='bbox 691 3341 731 3415; x_wconf 92' lang='grc'>3,</span> <span class='ocrx_word' id='word_1_271' title='bbox 756 3343 816 3417; x_wconf 91' lang='grc'>30,</span> <span class='ocrx_word' id='word_1_272' title='bbox 843 3344 896 3403; x_wconf 83' lang='grc'>71.</span> 
     </span>
    </p>

    <p class='ocr_par' dir='ltr' id='par_1_16' title="bbox 22 3430 1342 3598">
     <span class='ocr_line' id='line_1_34' title="bbox 102 3430 1342 3514; baseline -0.004 -16"><span class='ocrx_word' id='word_1_273' title='bbox 102 3435 263 3498; x_wconf 80' lang='lat' dir='ltr'>Sicanii.</span> <span class='ocrx_word' id='word_1_274' title='bbox 308 3432 503 3496; x_wconf 87' lang='lat' dir='ltr'>Iudicium</span> <span class='ocrx_word' id='word_1_275' title='bbox 526 3432 633 3495; x_wconf 90' lang='lat' dir='ltr'>inter</span> <span class='ocrx_word' id='word_1_276' title='bbox 654 3433 833 3495; x_wconf 88' lang='lat' dir='ltr'>sicarios</span> <span class='ocrx_word' id='word_1_277' title='bbox 855 3455 940 3505; x_wconf 86' lang='grc'><strong>6666</strong></span> <span class='ocrx_word' id='word_1_278' title='bbox 964 3433 1185 3498; x_wconf 84' lang='lat' dir='ltr'>committitur.</span> <span class='ocrx_word' id='word_1_279' title='bbox 1219 3451 1281 3514; x_wconf 88' lang='lat' dir='ltr'>pro</span> <span class='ocrx_word' id='word_1_280' title='bbox 1306 3430 1342 3494; x_wconf 90' lang='lat' dir='ltr'>S.</span> 
     </span>
     <span class='ocr_line' id='line_1_35' title="bbox 22 3524 394 3598; baseline -0.008 -9"><span class='ocrx_word' id='word_1_281' title='bbox 22 3524 119 3590; x_wconf 84' lang='lat' dir='ltr'>Rosc.</span> <span class='ocrx_word' id='word_1_282' title='bbox 142 3529 256 3591; x_wconf 82' lang='lat' dir='ltr'>Arnen.</span> <span class='ocrx_word' id='word_1_283' title='bbox 280 3527 315 3598; x_wconf 88' lang='grc'>5,</span> <span class='ocrx_word' id='word_1_284' title='bbox 342 3529 394 3587; x_wconf 93' lang='grc'>11.</span> 
     </span>
    </p>

    <p class='ocr_par' dir='ltr' id='par_1_17' title="bbox 102 3615 735 3685">
     <span class='ocr_line' id='line_1_36' title="bbox 102 3615 735 3685; baseline -0.002 -5"><span class='ocrx_word' id='word_1_285' title='bbox 102 3618 269 3681; x_wconf 84' lang='lat' dir='ltr'>Sicanii.</span> <span class='ocrx_word' id='word_1_286' title='bbox 314 3617 399 3679; x_wconf 81' lang='lat' dir='ltr'>Vide</span> <span class='ocrx_word' id='word_1_287' title='bbox 422 3615 735 3685; x_wconf 81' lang='lat' dir='ltr'>Praeiudicium.</span> 
     </span>
    </p>

    <p class='ocr_par' dir='ltr' id='par_1_18' title="bbox 17 3706 1343 4349">
     <span class='ocr_line' id='line_1_37' title="bbox 101 3706 1342 3790; baseline -0.006 -13"><span class='ocrx_word' id='word_1_288' title='bbox 101 3712 139 3777; x_wconf 86' lang='lat' dir='ltr'>Si</span> <span class='ocrx_word' id='word_1_289' title='bbox 169 3714 212 3774; x_wconf 87' lang='lat' dir='ltr'>de</span> <span class='ocrx_word' id='word_1_290' title='bbox 244 3709 472 3773; x_wconf 87' lang='lat' dir='ltr'>hereditate</span> <span class='ocrx_word' id='word_1_291' title='bbox 500 3707 755 3790; x_wconf 83' lang='lat' dir='ltr'>ambigitur.</span> <span class='ocrx_word' id='word_1_292' title='bbox 781 3750 791 3770; x_wconf 99' lang='lat'>.</span> <span class='ocrx_word' id='word_1_293' title='bbox 816 3709 881 3771; x_wconf 92' lang='lat' dir='ltr'>.si</span> <span class='ocrx_word' id='word_1_294' title='bbox 908 3729 1128 3788; x_wconf 83' lang='lat' dir='ltr'>possessor</span> <span class='ocrx_word' id='word_1_295' title='bbox 1155 3706 1342 3789; x_wconf 90' lang='lat' dir='ltr'>sponsio·</span> 
     </span>
     <span class='ocr_line' id='line_1_38' title="bbox 19 3800 1342 3873; baseline 0 -12"><span class='ocrx_word' id='word_1_296' title='bbox 19 3822 98 3867; x_wconf 82' lang='lat' dir='ltr'>arm</span> <span class='ocrx_word' id='word_1_297' title='bbox 130 3824 208 3868; x_wconf 89' lang='lat' dir='ltr'>non</span> <span class='ocrx_word' id='word_1_298' title='bbox 241 3802 382 3864; x_wconf 84' lang='lat' dir='ltr'>saciet.</span> <span class='ocrx_word' id='word_1_299' title='bbox 429 3802 531 3863; x_wconf 89' lang='lat' dir='ltr'>Verr.</span> <span class='ocrx_word' id='word_1_300' title='bbox 554 3800 611 3863; x_wconf 89' lang='lat' dir='ltr'>lib.</span> <span class='ocrx_word' id='word_1_301' title='bbox 636 3803 674 3873; x_wconf 88' lang='grc'>1,</span> <span class='ocrx_word' id='word_1_302' title='bbox 699 3800 756 3873; x_wconf 83' lang='grc'>15,</span> <span class='ocrx_word' id='word_1_303' title='bbox 782 3800 856 3861; x_wconf 86' lang='grc'><strong>116.</strong></span> <span class='ocrx_word' id='word_1_304' title='bbox 887 3833 929 3847; x_wconf 91' lang='lat'>··-</span> <span class='ocrx_word' id='word_1_305' title='bbox 963 3801 1001 3861; x_wconf 90' lang='lat' dir='ltr'>Si</span> <span class='ocrx_word' id='word_1_306' title='bbox 1031 3802 1077 3862; x_wconf 87' lang='lat' dir='ltr'>de</span> <span class='ocrx_word' id='word_1_307' title='bbox 1110 3800 1342 3863; x_wconf 88' lang='lat' dir='ltr'>hereditate</span> 
     </span>
     <span class='ocr_line' id='line_1_39' title="bbox 19 3891 1341 3978; baseline 0 -25"><span class='ocrx_word' id='word_1_308' title='bbox 19 3894 242 3978; x_wconf 79' lang='lat' dir='ltr'>ambigitur</span> <span class='ocrx_word' id='word_1_309' title='bbox 277 3904 318 3956; x_wconf 92' lang='lat' dir='ltr'>et</span> <span class='ocrx_word' id='word_1_310' title='bbox 354 3894 517 3955; x_wconf 90' lang='lat' dir='ltr'>tabulae</span> <span class='ocrx_word' id='word_1_311' title='bbox 554 3891 788 3953; x_wconf 88' lang='lat' dir='ltr'>testamenti</span> <span class='ocrx_word' id='word_1_312' title='bbox 828 3891 1065 3973; x_wconf 81' lang='lat' dir='ltr'>obsignatae</span> <span class='ocrx_word' id='word_1_313' title='bbox 1101 3913 1177 3955; x_wconf 90' lang='lat' dir='ltr'>non</span> <span class='ocrx_word' id='word_1_314' title='bbox 1215 3893 1341 3954; x_wconf 93' lang='lat' dir='ltr'>miuus</span> 
     </span>
     <span class='ocr_line' id='line_1_40' title="bbox 18 3982 1343 4067; baseline -0.002 -21"><span class='ocrx_word' id='word_1_315' title='bbox 18 3987 150 4051; x_wconf 87' lang='lat' dir='ltr'>multis</span> <span class='ocrx_word' id='word_1_316' title='bbox 172 3985 310 4067; x_wconf 77' lang='lat' dir='ltr'>signis</span> <span class='ocrx_word' id='word_1_317' title='bbox 333 4006 447 4066; x_wconf 90' lang='lat' dir='ltr'>quam</span> <span class='ocrx_word' id='word_1_318' title='bbox 469 4005 486 4045; x_wconf 92' lang='lat' dir='ltr'>e</span> <span class='ocrx_word' id='word_1_319' title='bbox 508 3984 597 4067; x_wconf 78' lang='lat' dir='ltr'>lege</span> <span class='ocrx_word' id='word_1_320' title='bbox 620 3993 788 4064; x_wconf 88' lang='lat' dir='ltr'>oportet</span> <span class='ocrx_word' id='word_1_321' title='bbox 809 3985 856 4044; x_wconf 93' lang='lat' dir='ltr'>ad</span> <span class='ocrx_word' id='word_1_322' title='bbox 879 4004 935 4045; x_wconf 91' lang='lat' dir='ltr'>me</span> <span class='ocrx_word' id='word_1_323' title='bbox 958 3982 1250 4062; x_wconf 77' lang='lat' dir='ltr'>proferentur:</span> <span class='ocrx_word' id='word_1_324' title='bbox 1285 4004 1343 4044; x_wconf 92' lang='lat' dir='ltr'>se·</span> 
     </span>
     <span class='ocr_line' id='line_1_41' title="bbox 18 4073 1340 4155; baseline 0 -19"><span class='ocrx_word' id='word_1_325' title='bbox 18 4082 180 4143; x_wconf 85' lang='lat' dir='ltr'>cundum</span> <span class='ocrx_word' id='word_1_326' title='bbox 204 4078 370 4140; x_wconf 86' lang='lat' dir='ltr'>tabulas</span> <span class='ocrx_word' id='word_1_327' title='bbox 393 4075 629 4139; x_wconf 89' lang='lat' dir='ltr'>testamenti</span> <span class='ocrx_word' id='word_1_328' title='bbox 659 4073 911 4155; x_wconf 84' lang='lat' dir='ltr'>potissimum</span> <span class='ocrx_word' id='word_1_329' title='bbox 934 4073 1198 4135; x_wconf 88' lang='lat' dir='ltr'>hereditatem</span> <span class='ocrx_word' id='word_1_330' title='bbox 1221 4075 1340 4136; x_wconf 88' lang='lat' dir='ltr'>dabo.</span> 
     </span>
     <span class='ocr_line' id='line_1_42' title="bbox 17 4162 1341 4249; baseline -0.003 -18"><span class='ocrx_word' id='word_1_331' title='bbox 17 4169 54 4230; x_wconf 86' lang='lat' dir='ltr'>Si</span> <span class='ocrx_word' id='word_1_332' title='bbox 76 4170 244 4231; x_wconf 87' lang='lat' dir='ltr'>tabulae</span> <span class='ocrx_word' id='word_1_333' title='bbox 265 4166 498 4230; x_wconf 85' lang='lat' dir='ltr'>testamenti</span> <span class='ocrx_word' id='word_1_334' title='bbox 520 4187 597 4229; x_wconf 91' lang='lat' dir='ltr'>non</span> <span class='ocrx_word' id='word_1_335' title='bbox 617 4167 954 4248; x_wconf 78' lang='lat' dir='ltr'>proferentur...</span> <span class='ocrx_word' id='word_1_336' title='bbox 985 4162 1051 4249; x_wconf 82' lang='lat' dir='ltr'>(Ex</span> <span class='ocrx_word' id='word_1_337' title='bbox 1068 4164 1174 4228; x_wconf 89' lang='lat' dir='ltr'>edicto</span> <span class='ocrx_word' id='word_1_338' title='bbox 1191 4167 1341 4242; x_wconf 87' lang='grc'><strong>666666.)</strong></span> 
     </span>
     <span class='ocr_line' id='line_1_43' title="bbox 18 4260 786 4349; baseline -0.01 -26"><span class='ocrx_word' id='word_1_339' title='bbox 18 4260 118 4327; x_wconf 80' lang='lat' dir='ltr'>Verr.</span> <span class='ocrx_word' id='word_1_340' title='bbox 143 4263 202 4325; x_wconf 90' lang='grc'><strong>116.</strong></span> <span class='ocrx_word' id='word_1_341' title='bbox 228 4263 266 4334; x_wconf 94' lang='grc'>1,</span> <span class='ocrx_word' id='word_1_342' title='bbox 291 4261 353 4333; x_wconf 85' lang='grc'>15,</span> <span class='ocrx_word' id='word_1_343' title='bbox 375 4261 453 4349; x_wconf 84' lang='grc' dir='ltr'>Ι117.</span> <span class='ocrx_word' id='word_1_344' title='bbox 782 4332 786 4337; x_wconf 11' lang='grc' dir='ltr'><strong><em>ᾖ</em></strong></span> 
     </span>
    </p>

    <p class='ocr_par' dir='ltr' id='par_1_19' title="bbox 99 4348 1189 4430">
     <span class='ocr_line' id='line_1_44' title="bbox 99 4348 1189 4430; baseline -0.002 -16"><span class='ocrx_word' id='word_1_345' title='bbox 99 4354 140 4414; x_wconf 90' lang='grc'>81</span> <span class='ocrx_word' id='word_1_346' title='bbox 165 4351 222 4414; x_wconf 92' lang='lat' dir='ltr'>dii</span> <span class='ocrx_word' id='word_1_347' title='bbox 248 4353 403 4423; x_wconf 88' lang='lat' dir='ltr'>volent,</span> <span class='ocrx_word' id='word_1_348' title='bbox 427 4348 578 4430; x_wconf 82' lang='lat' dir='ltr'>religiosa</span> <span class='ocrx_word' id='word_1_349' title='bbox 602 4349 764 4429; x_wconf 85' lang='lat' dir='ltr'>exceptio.</span> <span class='ocrx_word' id='word_1_350' title='bbox 788 4349 820 4411; x_wconf 91' lang='lat' dir='ltr'>in</span> <span class='ocrx_word' id='word_1_351' title='bbox 843 4350 944 4412; x_wconf 87' lang='lat' dir='ltr'>Verr.</span> <span class='ocrx_word' id='word_1_352' title='bbox 968 4350 1007 4425; x_wconf 86' lang='grc'>3,</span> <span class='ocrx_word' id='word_1_353' title='bbox 1031 4351 1090 4425; x_wconf 88' lang='grc'>67,</span> <span class='ocrx_word' id='word_1_354' title='bbox 1116 4351 1189 4413; x_wconf 89' lang='grc'><strong>157.</strong></span> 
     </span>
    </p>

    <p class='ocr_par' dir='ltr' id='par_1_20' title="bbox 14 4439 1339 4617">
     <span class='ocr_line' id='line_1_45' title="bbox 97 4439 1339 4523; baseline -0.004 -15"><span class='ocrx_word' id='word_1_355' title='bbox 97 4445 139 4508; x_wconf 88' lang='lat' dir='ltr'>si</span> <span class='ocrx_word' id='word_1_356' title='bbox 170 4466 219 4506; x_wconf 86' lang='lat' dir='ltr'>ex</span> <span class='ocrx_word' id='word_1_357' title='bbox 247 4442 379 4506; x_wconf 82' lang='lat' dir='ltr'>edicto</span> <span class='ocrx_word' id='word_1_358' title='bbox 407 4440 620 4522; x_wconf 85' lang='lat' dir='ltr'>praetoria</span> <span class='ocrx_word' id='word_1_359' title='bbox 650 4443 754 4504; x_wconf 90' lang='lat' dir='ltr'>bona</span> <span class='ocrx_word' id='word_1_360' title='bbox 778 4444 819 4506; x_wconf 93' lang='lat' dir='ltr'>P.</span> <span class='ocrx_word' id='word_1_361' title='bbox 844 4441 1000 4521; x_wconf 82' lang='lat' dir='ltr'>erintii</span> <span class='ocrx_word' id='word_1_362' title='bbox 1028 4460 1216 4523; x_wconf 88' lang='lat' dir='ltr'>possessa</span> <span class='ocrx_word' id='word_1_363' title='bbox 1246 4439 1339 4503; x_wconf 87' lang='lat' dir='ltr'>sint.</span> 
     </span>
     <span class='ocr_line' id='line_1_46' title="bbox 14 4534 1267 4617; baseline -0.006 -16"><span class='ocrx_word' id='word_1_364' title='bbox 14 4556 75 4617; x_wconf 88' lang='grc'>666</span> <span class='ocrx_word' id='word_1_365' title='bbox 94 4537 230 4615; x_wconf 81' lang='grc'><strong>0616116</strong></span> <span class='ocrx_word' id='word_1_366' title='bbox 253 4537 313 4607; x_wconf 89' lang='grc'>27,</span> <span class='ocrx_word' id='word_1_367' title='bbox 337 4534 392 4596; x_wconf 86' lang='grc'>81.</span> <span class='ocrx_word' id='word_1_368' title='bbox 1264 4538 1267 4549; x_wconf 91' lang='grc'><strong>’</strong></span> 
     </span>
    </p>

    <p class='ocr_par' dir='ltr' id='par_1_21' title="bbox 14 4625 1339 4793">
     <span class='ocr_line' id='line_1_47' title="bbox 98 4625 1339 4711; baseline -0.002 -21"><span class='ocrx_word' id='word_1_369' title='bbox 98 4630 138 4690; x_wconf 89' lang='grc'>81</span> <span class='ocrx_word' id='word_1_370' title='bbox 169 4649 251 4695; x_wconf 90' lang='lat' dir='ltr'>eam</span> <span class='ocrx_word' id='word_1_371' title='bbox 281 4627 411 4711; x_wconf 80' lang='lat' dir='ltr'>legem</span> <span class='ocrx_word' id='word_1_372' title='bbox 441 4627 487 4687; x_wconf 83' lang='lat' dir='ltr'>ad</span> <span class='ocrx_word' id='word_1_373' title='bbox 513 4626 709 4705; x_wconf 85' lang='lat' dir='ltr'>populum</span> <span class='ocrx_word' id='word_1_374' title='bbox 732 4625 1086 4698; x_wconf 83' lang='lat' dir='ltr'>lerat,.adversus</span> <span class='ocrx_word' id='word_1_375' title='bbox 1109 4648 1188 4689; x_wconf 89' lang='lat' dir='ltr'>rem</span> <span class='ocrx_word' id='word_1_376' title='bbox 1211 4626 1339 4706; x_wconf 91' lang='lat' dir='ltr'>publi·</span> 
     </span>
     <span class='ocr_line' id='line_1_48' title="bbox 14 4717 1296 4793; baseline 0 -12"><span class='ocrx_word' id='word_1_377' title='bbox 14 4740 94 4787; x_wconf 86' lang='lat' dir='ltr'>eam</span> <span class='ocrx_word' id='word_1_378' title='bbox 118 4719 252 4785; x_wconf 83' lang='lat' dir='ltr'>rideri</span> <span class='ocrx_word' id='word_1_379' title='bbox 274 4741 355 4785; x_wconf 79' lang='lat' dir='ltr'>euru</span> <span class='ocrx_word' id='word_1_380' title='bbox 378 4718 533 4781; x_wconf 71' lang='lat' dir='ltr'>iacere:</span> <span class='ocrx_word' id='word_1_381' title='bbox 556 4718 691 4781; x_wconf 77' lang='lat' dir='ltr'>Senatus</span> <span class='ocrx_word' id='word_1_382' title='bbox 713 4717 906 4779; x_wconf 89' lang='lat' dir='ltr'>consultum.</span> <span class='ocrx_word' id='word_1_383' title='bbox 929 4721 970 4779; x_wconf 85' lang='lat' dir='ltr'>ad</span> <span class='ocrx_word' id='word_1_384' title='bbox 990 4719 1074 4780; x_wconf 90' lang='lat' dir='ltr'>Her.</span> <span class='ocrx_word' id='word_1_385' title='bbox 1098 4721 1133 4793; x_wconf 90' lang='grc'>1,</span> <span class='ocrx_word' id='word_1_386' title='bbox 1159 4719 1218 4793; x_wconf 90' lang='grc'>12,</span> <span class='ocrx_word' id='word_1_387' title='bbox 1242 4719 1296 4781; x_wconf 87' lang='grc'>21.</span> 
     </span>
    </p>
   </div>
   <div class='ocr_carea' id='block_1_3' title="bbox 0 0 1674 5584">
    <p class='ocr_par' dir='ltr' id='par_1_22' title="bbox 0 0 1674 5584">
     <span class='ocr_line' id='line_1_49' title="bbox 0 0 1674 5584; baseline 0 5"><span class='ocrx_word' id='word_1_388' title='bbox 0 0 1674 5584; x_wconf 95' lang='lat' dir='ltr'> </span> 
     </span>
    </p>
   </div>
  </div>
 </body>
</html>
