<?xml version="1.0" encoding="UTF-8"?>
<!DOCTYPE html PUBLIC "-//W3C//DTD XHTML 1.0 Transitional//EN"
    "http://www.w3.org/TR/xhtml1/DTD/xhtml1-transitional.dtd">
<html xmlns="http://www.w3.org/1999/xhtml" xml:lang="en" lang="en">
 <head>
  <title>
</title>
<meta http-equiv="Content-Type" content="text/html;charset=utf-8" />
  <meta name='ocr-system' content='tesseract 3.04.00' />
  <meta name='ocr-capabilities' content='ocr_page ocr_carea ocr_par ocr_line ocrx_word'/>
</head>
<body>
  <div class='ocr_page' id='page_1' title='image "./mtulliiciceroni01fabrgoog_0034.png"; bbox 0 0 3328 5576; ppageno 0'>
   <div class='ocr_carea' id='block_1_1' title="bbox 483 376 1355 447">
    <p class='ocr_par' dir='ltr' id='par_1_1' title="bbox 483 376 1355 447">
     <span class='ocr_line' id='line_1_1' title="bbox 483 376 1355 447; baseline 0.002 -3"><span class='ocrx_word' id='word_1_1' title='bbox 483 376 913 447; x_wconf 78' lang='lat' dir='ltr'><strong>GRAECO-LATINUS.</strong></span> <span class='ocrx_word' id='word_1_2' title='bbox 1316 378 1355 446; x_wconf 80' lang='lat' dir='ltr'><strong>tt</strong></span> 
     </span>
    </p>
   </div>
   <div class='ocr_carea' id='block_1_2' title="bbox 24 519 1446 4995">
    <p class='ocr_par' dir='ltr' id='par_1_2' title="bbox 55 519 1446 2394">
     <span class='ocr_line' id='line_1_2' title="bbox 67 519 1356 610; baseline 0.001 -21"><span class='ocrx_word' id='word_1_3' title='bbox 67 521 170 589; x_wconf 71' lang='lat' dir='ltr'><strong>idida.</strong></span> <span class='ocrx_word' id='word_1_4' title='bbox 202 521 396 605; x_wconf 78' lang='lat' dir='ltr'><strong>„Romanae</strong></span> <span class='ocrx_word' id='word_1_5' title='bbox 418 532 522 585; x_wconf 86' lang='lat' dir='ltr'><strong>autem</strong></span> <span class='ocrx_word' id='word_1_6' title='bbox 542 541 577 584; x_wconf 89' lang='lat' dir='ltr'><strong>se</strong></span> <span class='ocrx_word' id='word_1_7' title='bbox 597 542 649 585; x_wconf 85' lang='lat' dir='ltr'><strong>res</strong></span> <span class='ocrx_word' id='word_1_8' title='bbox 674 519 721 585; x_wconf 90' lang='lat' dir='ltr'><strong>sic</strong></span> <span class='ocrx_word' id='word_1_9' title='bbox 746 523 885 586; x_wconf 77' lang='lat' dir='ltr'><strong>hahent:</strong></span> <span class='ocrx_word' id='word_1_10' title='bbox 917 521 1052 586; x_wconf 80' lang='lat' dir='ltr'><strong>Senatus</strong></span> <span class='ocrx_word' id='word_1_11' title='bbox 1068 519 1206 610; x_wconf 76' lang='grc' dir='ltr'><strong>Ἀρειος</strong></span> <span class='ocrx_word' id='word_1_12' title='bbox 1228 522 1356 606; x_wconf 66' lang='grc' dir='ltr'><strong>πάγοις</strong></span> 
     </span>
     <span class='ocr_line' id='line_1_3' title="bbox 68 614 1271 694; baseline -0.001 -11"><span class='ocrx_word' id='word_1_13' title='bbox 68 619 129 683; x_wconf 69' lang='lat' dir='ltr'><strong>abd</strong></span> <span class='ocrx_word' id='word_1_14' title='bbox 143 616 341 693; x_wconf 67' lang='lat' dir='ltr'><strong>modus,</strong></span> <span class='ocrx_word' id='word_1_15' title='bbox 365 614 445 679; x_wconf 88' lang='lat' dir='ltr'><strong>nihil</strong></span> <span class='ocrx_word' id='word_1_16' title='bbox 467 614 631 691; x_wconf 84' lang='lat' dir='ltr'><strong>severius,</strong></span> <span class='ocrx_word' id='word_1_17' title='bbox 656 615 732 679; x_wconf 86' lang='lat' dir='ltr'><strong>nihil</strong></span> <span class='ocrx_word' id='word_1_18' title='bbox 753 614 915 681; x_wconf 84' lang='lat' dir='ltr'><strong>fortius.&#39;’</strong></span> <span class='ocrx_word' id='word_1_19' title='bbox 936 618 978 679; x_wconf 84' lang='lat' dir='ltr'><strong>sd</strong></span> <span class='ocrx_word' id='word_1_20' title='bbox 997 617 1070 680; x_wconf 89' lang='lat' dir='ltr'><strong>Att.</strong></span> <span class='ocrx_word' id='word_1_21' title='bbox 1091 615 1123 679; x_wconf 94' lang='grc' dir='ltr'><strong>Ι.</strong></span> <span class='ocrx_word' id='word_1_22' title='bbox 1148 619 1206 694; x_wconf 81' lang='lat' dir='ltr'><strong>tt,</strong></span> <span class='ocrx_word' id='word_1_23' title='bbox 1237 618 1271 682; x_wconf 79' lang='lat'><strong>5.</strong></span> 
     </span>
     <span class='ocr_line' id='line_1_4' title="bbox 128 709 1357 797; baseline 0.001 -23"><span class='ocrx_word' id='word_1_24' title='bbox 128 712 230 797; x_wconf 68' lang='grc' dir='ltr'><strong>Ἀρετὴ</strong></span> <span class='ocrx_word' id='word_1_25' title='bbox 252 732 319 775; x_wconf 90' lang='lat' dir='ltr'><strong>non</strong></span> <span class='ocrx_word' id='word_1_26' title='bbox 345 722 395 774; x_wconf 87' lang='lat' dir='ltr'><strong>est</strong></span> <span class='ocrx_word' id='word_1_27' title='bbox 414 709 584 787; x_wconf 74' lang='grc' dir='ltr'><strong>διδακτόν,</strong></span> <span class='ocrx_word' id='word_1_28' title='bbox 616 709 728 774; x_wconf 81' lang='lat' dir='ltr'><strong>uirtus</strong></span> <span class='ocrx_word' id='word_1_29' title='bbox 750 722 892 775; x_wconf 81' lang='lat' dir='ltr'><strong>nonest</strong></span> <span class='ocrx_word' id='word_1_30' title='bbox 915 732 988 787; x_wconf 85' lang='lat' dir='ltr'><strong>res,</strong></span> <span class='ocrx_word' id='word_1_31' title='bbox 1022 731 1110 795; x_wconf 84' lang='lat' dir='ltr'><strong>quae</strong></span> <span class='ocrx_word' id='word_1_32' title='bbox 1128 711 1224 776; x_wconf 83' lang='lat' dir='ltr'><strong>tradi</strong></span> <span class='ocrx_word' id='word_1_33' title='bbox 1240 722 1275 775; x_wconf 80' lang='lat' dir='ltr'><strong>et</strong></span> <span class='ocrx_word' id='word_1_34' title='bbox 1295 710 1357 775; x_wconf 86' lang='lat' dir='ltr'><strong>do·</strong></span> 
     </span>
     <span class='ocr_line' id='line_1_5' title="bbox 63 803 1357 891; baseline -0.004 -18"><span class='ocrx_word' id='word_1_35' title='bbox 63 810 117 873; x_wconf 84' lang='lat' dir='ltr'><strong>ceri</strong></span> <span class='ocrx_word' id='word_1_36' title='bbox 128 809 235 891; x_wconf 79' lang='lat' dir='ltr'><strong>poscit.</strong></span> <span class='ocrx_word' id='word_1_37' title='bbox 257 810 297 869; x_wconf 86' lang='lat' dir='ltr'><strong>sd</strong></span> <span class='ocrx_word' id='word_1_38' title='bbox 319 805 393 869; x_wconf 77' lang='lat' dir='ltr'><strong>Au.</strong></span> <span class='ocrx_word' id='word_1_39' title='bbox 416 806 465 868; x_wconf 85' lang='lat' dir='ltr'><strong>X.</strong></span> <span class='ocrx_word' id='word_1_40' title='bbox 484 805 543 879; x_wconf 79' lang='lat' dir='ltr'><strong>tt,</strong></span> <span class='ocrx_word' id='word_1_41' title='bbox 570 808 602 868; x_wconf 81' lang='grc'><strong>7.</strong></span> <span class='ocrx_word' id='word_1_42' title='bbox 626 803 677 867; x_wconf 83' lang='lat' dir='ltr'><strong>Dc</strong></span> <span class='ocrx_word' id='word_1_43' title='bbox 701 826 766 888; x_wconf 91' lang='lat' dir='ltr'><strong>quo</strong></span> <span class='ocrx_word' id='word_1_44' title='bbox 788 817 837 869; x_wconf 89' lang='lat' dir='ltr'><strong>est</strong></span> <span class='ocrx_word' id='word_1_45' title='bbox 854 804 1024 869; x_wconf 78' lang='lat' dir='ltr'>Aeschinis</span> <span class='ocrx_word' id='word_1_46' title='bbox 1046 804 1194 891; x_wconf 80' lang='lat' dir='ltr'><strong>dialogus</strong></span> <span class='ocrx_word' id='word_1_47' title='bbox 1217 805 1246 868; x_wconf 93' lang='grc'><strong>1.</strong></span> <span class='ocrx_word' id='word_1_48' title='bbox 1270 806 1357 869; x_wconf 80' lang='lat' dir='ltr'><strong>Eur.</strong></span> 
     </span>
     <span class='ocr_line' id='line_1_6' title="bbox 120 898 1433 995; baseline -0.005 -27"><span class='ocrx_word' id='word_1_49' title='bbox 120 901 198 989; x_wconf 69' lang='lat' dir='ltr'><strong>&#39;Apa</strong></span> <span class='ocrx_word' id='word_1_50' title='bbox 216 912 336 977; x_wconf 69' lang='grc' dir='ltr'><strong>πνέων,</strong></span> <span class='ocrx_word' id='word_1_51' title='bbox 362 902 521 965; x_wconf 81' lang='lat' dir='ltr'><strong>Martem</strong></span> <span class='ocrx_word' id='word_1_52' title='bbox 539 898 696 980; x_wconf 84' lang='lat' dir='ltr'><strong>spirans,</strong></span> <span class='ocrx_word' id='word_1_53' title='bbox 720 901 759 962; x_wconf 89' lang='lat' dir='ltr'><strong>de</strong></span> <span class='ocrx_word' id='word_1_54' title='bbox 784 899 975 975; x_wconf 84' lang='lat' dir='ltr'><strong>iisdicitur,</strong></span> <span class='ocrx_word' id='word_1_55' title='bbox 1003 899 1059 983; x_wconf 92' lang='lat' dir='ltr'><strong>qui</strong></span> <span class='ocrx_word' id='word_1_56' title='bbox 1081 899 1153 981; x_wconf 89' lang='lat' dir='ltr'><strong>ipso</strong></span> <span class='ocrx_word' id='word_1_57' title='bbox 1171 900 1263 963; x_wconf 87' lang='lat' dir='ltr'><strong>voltu</strong></span> <span class='ocrx_word' id='word_1_58' title='bbox 1283 919 1358 962; x_wconf 88' lang='lat' dir='ltr'><strong>cru·</strong></span> <span class='ocrx_word' id='word_1_59' title='bbox 1425 978 1433 995; x_wconf 25' lang='lat' dir='ltr'>X</span> 
     </span>
     <span class='ocr_line' id='line_1_7' title="bbox 58 991 1356 1079; baseline -0.002 -20"><span class='ocrx_word' id='word_1_60' title='bbox 58 996 191 1059; x_wconf 82' lang='lat' dir='ltr'><strong>deitatem</strong></span> <span class='ocrx_word' id='word_1_61' title='bbox 217 994 354 1079; x_wconf 81' lang='lat' dir='ltr'><strong>aliquam</strong></span> <span class='ocrx_word' id='word_1_62' title='bbox 378 1004 409 1057; x_wconf 91' lang='lat' dir='ltr'><strong>et</strong></span> <span class='ocrx_word' id='word_1_63' title='bbox 430 991 596 1056; x_wconf 83' lang='lat' dir='ltr'><strong>saevitiam</strong></span> <span class='ocrx_word' id='word_1_64' title='bbox 616 1014 694 1075; x_wconf 85' lang='lat' dir='ltr'><strong>prae</strong></span> <span class='ocrx_word' id='word_1_65' title='bbox 719 1014 754 1057; x_wconf 89' lang='lat' dir='ltr'><strong>se</strong></span> <span class='ocrx_word' id='word_1_66' title='bbox 775 993 896 1058; x_wconf 78' lang='lat' dir='ltr'><strong>lerum.</strong></span> <span class='ocrx_word' id='word_1_67' title='bbox 940 995 994 1058; x_wconf 83' lang='lat' dir='ltr'><strong>Ex</strong></span> <span class='ocrx_word' id='word_1_68' title='bbox 1019 992 1173 1074; x_wconf 73' lang='lat' dir='ltr'><strong>Aeschyli</strong></span> <span class='ocrx_word' id='word_1_69' title='bbox 1187 996 1307 1077; x_wconf 82' lang='lat' dir='ltr'><strong>Agam.</strong></span> <span class='ocrx_word' id='word_1_70' title='bbox 1323 1013 1356 1056; x_wconf 84' lang='lat' dir='ltr'><strong>v.</strong></span> 
     </span>
     <span class='ocr_line' id='line_1_8' title="bbox 57 1086 1359 1178; baseline -0.003 -25"><span class='ocrx_word' id='word_1_71' title='bbox 57 1088 117 1158; x_wconf 78' lang='lat' dir='ltr'><strong>tut.</strong></span> <span class='ocrx_word' id='word_1_72' title='bbox 135 1090 209 1154; x_wconf 80' lang='lat' dir='ltr'><strong>Eas.</strong></span> <span class='ocrx_word' id='word_1_73' title='bbox 249 1090 343 1170; x_wconf 80' lang='lat' dir='ltr'><strong>„Sed</strong></span> <span class='ocrx_word' id='word_1_74' title='bbox 368 1087 527 1150; x_wconf 85' lang='lat' dir='ltr'><strong>minantur</strong></span> <span class='ocrx_word' id='word_1_75' title='bbox 548 1098 669 1164; x_wconf 79' lang='lat' dir='ltr'><strong>tamen,</strong></span> <span class='ocrx_word' id='word_1_76' title='bbox 700 1086 732 1151; x_wconf 89' lang='lat' dir='ltr'><strong>in</strong></span> <span class='ocrx_word' id='word_1_77' title='bbox 756 1088 933 1173; x_wconf 74' lang='lat' dir='ltr'><strong>primisque</strong></span> <span class='ocrx_word' id='word_1_78' title='bbox 953 1087 1044 1178; x_wconf 68' lang='lat' dir='ltr'><strong>“Apu</strong></span> <span class='ocrx_word' id='word_1_79' title='bbox 1071 1101 1175 1157; x_wconf 68' lang='lat' dir='ltr'><strong>nasim</strong></span> <span class='ocrx_word' id='word_1_80' title='bbox 1197 1086 1244 1167; x_wconf 81' lang='lat' dir='ltr'><strong>Q.</strong></span> <span class='ocrx_word' id='word_1_81' title='bbox 1263 1088 1359 1151; x_wconf 88' lang='lat' dir='ltr'><strong>Scae·</strong></span> 
     </span>
     <span class='ocr_line' id='line_1_9' title="bbox 55 1172 1390 1264; baseline -0.001 -19"><span class='ocrx_word' id='word_1_82' title='bbox 55 1183 153 1247; x_wconf 79' lang='lat' dir='ltr'><strong>volt.&#39;&#39;</strong></span> <span class='ocrx_word' id='word_1_83' title='bbox 192 1184 229 1246; x_wconf 76' lang='lat' dir='ltr'><strong>sd</strong></span> <span class='ocrx_word' id='word_1_84' title='bbox 245 1181 288 1264; x_wconf 84' lang='lat' dir='ltr'>Q</span> <span class='ocrx_word' id='word_1_85' title='bbox 311 1182 359 1246; x_wconf 81' lang='lat' dir='ltr'><strong>fr.</strong></span> <span class='ocrx_word' id='word_1_86' title='bbox 384 1181 453 1245; x_wconf 88' lang='lat' dir='ltr'><strong>Ill.</strong></span> <span class='ocrx_word' id='word_1_87' title='bbox 476 1183 516 1258; x_wconf 82' lang='lat' dir='ltr'><strong>t,</strong></span> <span class='ocrx_word' id='word_1_88' title='bbox 540 1187 572 1245; x_wconf 89' lang='lat' dir='ltr'><strong>h.</strong></span> <span class='ocrx_word' id='word_1_89' title='bbox 1384 1172 1390 1187; x_wconf 49' lang='lat'>⁸</span> 
     </span>
     <span class='ocr_line' id='line_1_10' title="bbox 124 1274 1355 1368; baseline 0.002 -24"><span class='ocrx_word' id='word_1_90' title='bbox 124 1280 297 1365; x_wconf 81' lang='grc' dir='ltr'><strong>Ἀριστεία,</strong></span> <span class='ocrx_word' id='word_1_91' title='bbox 317 1279 544 1361; x_wconf 74' lang='lat' dir='ltr'><strong>praeclarum</strong></span> <span class='ocrx_word' id='word_1_92' title='bbox 552 1274 726 1368; x_wconf 79' lang='lat' dir='ltr'><strong>facinus,</strong></span> <span class='ocrx_word' id='word_1_93' title='bbox 749 1277 878 1364; x_wconf 83' lang='lat' dir='ltr'><strong>dignum</strong></span> <span class='ocrx_word' id='word_1_94' title='bbox 896 1281 1070 1366; x_wconf 77' lang='grc' dir='ltr'><strong>ἀριστείῳ,</strong></span> <span class='ocrx_word' id='word_1_95' title='bbox 1093 1279 1128 1343; x_wconf 90' lang='lat' dir='ltr'><strong>h.</strong></span> <span class='ocrx_word' id='word_1_96' title='bbox 1149 1279 1355 1364; x_wconf 88' lang='lat' dir='ltr'><strong>e.praemio,</strong></span> 
     </span>
     <span class='ocr_line' id='line_1_11' title="bbox 58 1371 1357 1461; baseline 0.003 -27"><span class='ocrx_word' id='word_1_97' title='bbox 58 1374 131 1458; x_wconf 85' lang='lat' dir='ltr'><strong>qnod</strong></span> <span class='ocrx_word' id='word_1_98' title='bbox 151 1373 211 1435; x_wconf 85' lang='lat' dir='ltr'><strong>dari</strong></span> <span class='ocrx_word' id='word_1_99' title='bbox 230 1374 312 1437; x_wconf 86' lang='lat' dir='ltr'><strong>solet</strong></span> <span class='ocrx_word' id='word_1_100' title='bbox 334 1371 393 1447; x_wconf 89' lang='lat' dir='ltr'><strong>iis,</strong></span> <span class='ocrx_word' id='word_1_101' title='bbox 428 1371 482 1456; x_wconf 89' lang='lat' dir='ltr'><strong>qui</strong></span> <span class='ocrx_word' id='word_1_102' title='bbox 505 1372 752 1458; x_wconf 73' lang='grc' dir='ltr'><strong>ἀριστεύουσιν,</strong></span> <span class='ocrx_word' id='word_1_103' title='bbox 786 1376 810 1436; x_wconf 86' lang='lat' dir='ltr'><strong>i.</strong></span> <span class='ocrx_word' id='word_1_104' title='bbox 834 1394 886 1450; x_wconf 85' lang='lat' dir='ltr'><strong>e.,</strong></span> <span class='ocrx_word' id='word_1_105' title='bbox 913 1395 981 1436; x_wconf 90' lang='lat' dir='ltr'><strong>rem</strong></span> <span class='ocrx_word' id='word_1_106' title='bbox 1003 1374 1202 1457; x_wconf 81' lang='lat' dir='ltr'><strong>praeclaram</strong></span> <span class='ocrx_word' id='word_1_107' title='bbox 1229 1387 1357 1461; x_wconf 85' lang='lat' dir='ltr'><strong>gerunt.</strong></span> 
     </span>
     <span class='ocr_line' id='line_1_12' title="bbox 58 1466 1359 1555; baseline 0 -22"><span class='ocrx_word' id='word_1_108' title='bbox 58 1467 105 1543; x_wconf 76' lang='lat'><strong>,0</strong></span> <span class='ocrx_word' id='word_1_109' title='bbox 124 1466 298 1533; x_wconf 68' lang='lat' dir='ltr'>Dolabellae</span> <span class='ocrx_word' id='word_1_110' title='bbox 318 1466 422 1529; x_wconf 83' lang='lat' dir='ltr'><strong>nostri</strong></span> <span class='ocrx_word' id='word_1_111' title='bbox 440 1482 585 1551; x_wconf 80' lang='lat' dir='ltr'><strong>maguam</strong></span> <span class='ocrx_word' id='word_1_112' title='bbox 608 1467 830 1555; x_wconf 76' lang='grc' dir='ltr'><strong>ἅριστείαν1”</strong></span> <span class='ocrx_word' id='word_1_113' title='bbox 875 1468 913 1530; x_wconf 80' lang='lat' dir='ltr'><strong>ad</strong></span> <span class='ocrx_word' id='word_1_114' title='bbox 939 1469 1012 1531; x_wconf 86' lang='lat' dir='ltr'><strong>Au.</strong></span> <span class='ocrx_word' id='word_1_115' title='bbox 1034 1468 1137 1532; x_wconf 78' lang='lat' dir='ltr'><strong>XIV.</strong></span> <span class='ocrx_word' id='word_1_116' title='bbox 1162 1470 1219 1546; x_wconf 79' lang='lat' dir='ltr'><strong>lb,</strong></span> <span class='ocrx_word' id='word_1_117' title='bbox 1253 1470 1287 1534; x_wconf 73' lang='lat'><strong>2.</strong></span> <span class='ocrx_word' id='word_1_118' title='bbox 1316 1500 1359 1513; x_wconf 88' lang='lat'><strong>·-</strong></span> 
     </span>
     <span class='ocr_line' id='line_1_13' title="bbox 58 1552 1360 1651; baseline 0.004 -26"><span class='ocrx_word' id='word_1_119' title='bbox 58 1562 197 1638; x_wconf 82' lang='lat' dir='ltr'><strong>,Metuo,</strong></span> <span class='ocrx_word' id='word_1_120' title='bbox 218 1582 256 1624; x_wconf 85' lang='lat' dir='ltr'><strong>ne</strong></span> <span class='ocrx_word' id='word_1_121' title='bbox 277 1583 342 1646; x_wconf 77' lang='lat' dir='ltr'><strong>qua</strong></span> <span class='ocrx_word' id='word_1_122' title='bbox 367 1561 522 1646; x_wconf 80' lang='grc' dir='ltr'><strong>ἀριστεία</strong></span> <span class='ocrx_word' id='word_1_123' title='bbox 543 1582 594 1624; x_wconf 88' lang='lat' dir='ltr'><strong>me</strong></span> <span class='ocrx_word' id='word_1_124' title='bbox 620 1560 790 1627; x_wconf 81' lang='lat' dir='ltr'><strong>ahsente.&#39;&#39;</strong></span> <span class='ocrx_word' id='word_1_125' title='bbox 834 1552 965 1626; x_wconf 76' lang='lat' dir='ltr'><strong>saltu.</strong></span> <span class='ocrx_word' id='word_1_126' title='bbox 988 1562 1088 1627; x_wconf 79' lang='lat' dir='ltr'><strong>xvl.</strong></span> <span class='ocrx_word' id='word_1_127' title='bbox 1118 1563 1149 1626; x_wconf 83' lang='grc'><strong>9.</strong></span> <span class='ocrx_word' id='word_1_128' title='bbox 1172 1597 1214 1610; x_wconf 90' lang='grc'>-</span> <span class='ocrx_word' id='word_1_129' title='bbox 1261 1566 1360 1651; x_wconf 85' lang='grc' dir='ltr'><strong>Ἀρι·</strong></span> 
     </span>
     <span class='ocr_line' id='line_1_14' title="bbox 59 1654 1359 1738; baseline 0.002 -16"><span class='ocrx_word' id='word_1_130' title='bbox 59 1654 267 1738; x_wconf 78' lang='lat' dir='ltr'><strong>rrsloerpriore</strong></span> <span class='ocrx_word' id='word_1_131' title='bbox 284 1655 362 1719; x_wconf 89' lang='lat' dir='ltr'><strong>loco</strong></span> <span class='ocrx_word' id='word_1_132' title='bbox 381 1656 523 1737; x_wconf 84' lang='lat' dir='ltr'><strong>appellat</strong></span> <span class='ocrx_word' id='word_1_133' title='bbox 545 1654 736 1721; x_wconf 73' lang='lat' dir='ltr'>Dolabellae</span> <span class='ocrx_word' id='word_1_134' title='bbox 754 1676 825 1720; x_wconf 85' lang='lat' dir='ltr'><strong>cos.</strong></span> <span class='ocrx_word' id='word_1_135' title='bbox 847 1655 994 1734; x_wconf 80' lang='lat' dir='ltr'><strong>lacinus,</strong></span> <span class='ocrx_word' id='word_1_136' title='bbox 1027 1678 1099 1719; x_wconf 91' lang='lat' dir='ltr'><strong>cum</strong></span> <span class='ocrx_word' id='word_1_137' title='bbox 1126 1657 1304 1722; x_wconf 86' lang='lat' dir='ltr'><strong>columnam</strong></span> <span class='ocrx_word' id='word_1_138' title='bbox 1326 1660 1359 1724; x_wconf 88' lang='lat' dir='ltr'><strong>ia</strong></span> 
     </span>
     <span class='ocr_line' id='line_1_15' title="bbox 60 1749 1282 1844; baseline 0 -30"><span class='ocrx_word' id='word_1_139' title='bbox 60 1749 188 1814; x_wconf 64' lang='lat' dir='ltr'><strong>munh</strong></span> <span class='ocrx_word' id='word_1_140' title='bbox 206 1750 355 1832; x_wconf 57' lang='lat' dir='ltr'><strong>mulcro</strong></span> <span class='ocrx_word' id='word_1_141' title='bbox 377 1750 563 1814; x_wconf 73' lang='lat' dir='ltr'><strong>evertisset:</strong></span> <span class='ocrx_word' id='word_1_142' title='bbox 596 1752 635 1816; x_wconf 89' lang='lat' dir='ltr'><strong>de</strong></span> <span class='ocrx_word' id='word_1_143' title='bbox 661 1773 726 1836; x_wconf 92' lang='lat' dir='ltr'><strong>quo</strong></span> <span class='ocrx_word' id='word_1_144' title='bbox 748 1750 781 1814; x_wconf 90' lang='lat' dir='ltr'><strong>in</strong></span> <span class='ocrx_word' id='word_1_145' title='bbox 804 1751 995 1834; x_wconf 76' lang='lat' dir='ltr'><strong>Philippicis</strong></span> <span class='ocrx_word' id='word_1_146' title='bbox 1014 1750 1146 1834; x_wconf 88' lang='lat' dir='ltr'><strong>passim.</strong></span> <span class='ocrx_word' id='word_1_147' title='bbox 1171 1754 1282 1844; x_wconf 46' lang='lat' dir='ltr'><strong>Eun„</strong></span> 
     </span>
     <span class='ocr_line' id='line_1_16' title="bbox 128 1845 1446 1933; baseline 0.001 -22"><span class='ocrx_word' id='word_1_148' title='bbox 128 1847 438 1933; x_wconf 78' lang='grc' dir='ltr'><strong>Ἀριστοκρατικῶς,</strong></span> <span class='ocrx_word' id='word_1_149' title='bbox 467 1845 724 1910; x_wconf 83' lang='lat' dir='ltr'><strong>accommodate</strong></span> <span class='ocrx_word' id='word_1_150' title='bbox 751 1846 800 1909; x_wconf 82' lang='lat' dir='ltr'><strong>ad</strong></span> <span class='ocrx_word' id='word_1_151' title='bbox 824 1856 955 1910; x_wconf 81' lang='lat' dir='ltr'><strong>statum</strong></span> <span class='ocrx_word' id='word_1_152' title='bbox 979 1857 1013 1909; x_wconf 79' lang='lat' dir='ltr'><strong>et</strong></span> <span class='ocrx_word' id='word_1_153' title='bbox 1045 1866 1184 1910; x_wconf 83' lang='lat' dir='ltr'><strong>sensum</strong></span> <span class='ocrx_word' id='word_1_154' title='bbox 1210 1847 1360 1932; x_wconf 86' lang='lat' dir='ltr'><strong>optima·</strong></span> <span class='ocrx_word' id='word_1_155' title='bbox 1440 1856 1446 1863; x_wconf 87' lang='lat'><strong>&#39;</strong></span> 
     </span>
     <span class='ocr_line' id='line_1_17' title="bbox 59 1938 1359 2029; baseline 0.003 -27"><span class='ocrx_word' id='word_1_156' title='bbox 59 1939 143 2002; x_wconf 77' lang='lat' dir='ltr'><strong>tirum</strong></span> <span class='ocrx_word' id='word_1_157' title='bbox 182 1943 280 2021; x_wconf 81' lang='lat' dir='ltr'><strong>„Tun</strong></span> <span class='ocrx_word' id='word_1_158' title='bbox 302 1938 483 2021; x_wconf 86' lang='lat' dir='ltr'><strong>Pompeius</strong></span> <span class='ocrx_word' id='word_1_159' title='bbox 508 1939 585 2023; x_wconf 75' lang='grc' dir='ltr'><strong>μάλ’</strong></span> <span class='ocrx_word' id='word_1_160' title='bbox 613 1943 896 2029; x_wconf 73' lang='grc' dir='ltr'><strong>ἀριστοκρατικῶς</strong></span> <span class='ocrx_word' id='word_1_161' title='bbox 921 1940 1049 2004; x_wconf 90' lang='lat' dir='ltr'><strong>locutus</strong></span> <span class='ocrx_word' id='word_1_162' title='bbox 1072 1951 1136 2016; x_wconf 88' lang='lat' dir='ltr'><strong>est,</strong></span> <span class='ocrx_word' id='word_1_163' title='bbox 1168 1953 1359 2026; x_wconf 78' lang='lat' dir='ltr'><strong>senatusque</strong></span> 
     </span>
     <span class='ocr_line' id='line_1_18' title="bbox 60 2032 1359 2120; baseline 0.004 -25"><span class='ocrx_word' id='word_1_164' title='bbox 60 2032 252 2099; x_wconf 77' lang='lat' dir='ltr'><strong>amtoritaten</strong></span> <span class='ocrx_word' id='word_1_165' title='bbox 278 2033 340 2098; x_wconf 89' lang='lat' dir='ltr'><strong>sihi</strong></span> <span class='ocrx_word' id='word_1_166' title='bbox 369 2033 518 2097; x_wconf 93' lang='lat' dir='ltr'><strong>omnihus</strong></span> <span class='ocrx_word' id='word_1_167' title='bbox 544 2033 577 2096; x_wconf 91' lang='lat' dir='ltr'><strong>in</strong></span> <span class='ocrx_word' id='word_1_168' title='bbox 600 2036 697 2097; x_wconf 78' lang='lat' dir='ltr'><strong>relius</strong></span> <span class='ocrx_word' id='word_1_169' title='bbox 721 2035 887 2098; x_wconf 80' lang='lat' dir='ltr'><strong>maximam</strong></span> <span class='ocrx_word' id='word_1_170' title='bbox 914 2033 1016 2098; x_wconf 82' lang='lat' dir='ltr'><strong>videri</strong></span> <span class='ocrx_word' id='word_1_171' title='bbox 1041 2055 1231 2120; x_wconf 80' lang='lat' dir='ltr'><strong>semperque</strong></span> <span class='ocrx_word' id='word_1_172' title='bbox 1259 2035 1359 2100; x_wconf 82' lang='lat' dir='ltr'><strong>risam</strong></span> 
     </span>
     <span class='ocr_line' id='line_1_19' title="bbox 64 2127 1360 2211; baseline 0.002 -21"><span class='ocrx_word' id='word_1_173' title='bbox 64 2129 304 2211; x_wconf 71' lang='lat' dir='ltr'><strong>sompnum,</strong></span> <span class='ocrx_word' id='word_1_174' title='bbox 324 2139 359 2192; x_wconf 86' lang='lat' dir='ltr'><strong>et</strong></span> <span class='ocrx_word' id='word_1_175' title='bbox 376 2128 410 2190; x_wconf 88' lang='lat' dir='ltr'><strong>id</strong></span> <span class='ocrx_word' id='word_1_176' title='bbox 431 2127 535 2191; x_wconf 86' lang='lat' dir='ltr'><strong>multis</strong></span> <span class='ocrx_word' id='word_1_177' title='bbox 554 2129 705 2193; x_wconf 83' lang='lat' dir='ltr'><strong>verbis.”</strong></span> <span class='ocrx_word' id='word_1_178' title='bbox 738 2131 778 2193; x_wconf 85' lang='lat' dir='ltr'><strong>ad</strong></span> <span class='ocrx_word' id='word_1_179' title='bbox 800 2131 872 2195; x_wconf 78' lang='lat' dir='ltr'><strong>Art.</strong></span> <span class='ocrx_word' id='word_1_180' title='bbox 898 2128 928 2195; x_wconf 86' lang='lat'><strong>1.</strong></span> <span class='ocrx_word' id='word_1_181' title='bbox 956 2132 1016 2207; x_wconf 81' lang='lat' dir='ltr'><strong>tu,</strong></span> <span class='ocrx_word' id='word_1_182' title='bbox 1052 2130 1146 2193; x_wconf 68' lang='grc'><strong>1.-</strong></span> <span class='ocrx_word' id='word_1_183' title='bbox 1171 2129 1233 2205; x_wconf 85' lang='lat' dir='ltr'><strong>,ln</strong></span> <span class='ocrx_word' id='word_1_184' title='bbox 1258 2150 1298 2194; x_wconf 90' lang='lat' dir='ltr'><strong>eo</strong></span> <span class='ocrx_word' id='word_1_185' title='bbox 1320 2130 1360 2193; x_wconf 92' lang='lat' dir='ltr'><strong>li·</strong></span> 
     </span>
     <span class='ocr_line' id='line_1_20' title="bbox 68 2220 1380 2375; baseline 0.007 -94"><span class='ocrx_word' id='word_1_186' title='bbox 68 2220 222 2375; x_wconf 55' lang='lat' dir='ltr'><strong>hepqlihro</strong></span> <span class='ocrx_word' id='word_1_187' title='bbox 234 2225 323 2289; x_wconf 83' lang='lat' dir='ltr'><strong>tertio</strong></span> <span class='ocrx_word' id='word_1_188' title='bbox 345 2226 384 2288; x_wconf 89' lang='lat' dir='ltr'><strong>de</strong></span> <span class='ocrx_word' id='word_1_189' title='bbox 407 2222 573 2289; x_wconf 84' lang='lat' dir='ltr'><strong>consulatu</strong></span> <span class='ocrx_word' id='word_1_190' title='bbox 596 2228 677 2304; x_wconf 90' lang='lat' dir='ltr'><strong>suo)</strong></span> <span class='ocrx_word' id='word_1_191' title='bbox 699 2225 797 2288; x_wconf 85' lang='lat' dir='ltr'><strong>multa</strong></span> <span class='ocrx_word' id='word_1_192' title='bbox 811 2235 883 2288; x_wconf 89' lang='lat' dir='ltr'><strong>sunt</strong></span> <span class='ocrx_word' id='word_1_193' title='bbox 899 2225 1019 2309; x_wconf 81' lang='lat' dir='ltr'><strong>scripta</strong></span> <span class='ocrx_word' id='word_1_194' title='bbox 1034 2224 1358 2313; x_wconf 72' lang='lat' dir='ltr'><strong>aipeoronpanxoir.&#39;’</strong></span> <span class='ocrx_word' id='word_1_195' title='bbox 1376 2250 1380 2255; x_wconf 95' lang='lat'>·</span> 
     </span>
     <span class='ocr_line' id='line_1_21' title="bbox 79 2311 892 2394; baseline 0.007 -18"><span class='ocrx_word' id='word_1_196' title='bbox 79 2330 94 2371; x_wconf 82' lang='lat' dir='ltr'><strong>s</strong></span> <span class='ocrx_word' id='word_1_197' title='bbox 151 2317 241 2380; x_wconf 79' lang='lat' dir='ltr'><strong>utt.</strong></span> <span class='ocrx_word' id='word_1_198' title='bbox 259 2318 293 2394; x_wconf 75' lang='grc'><strong>1,</strong></span> <span class='ocrx_word' id='word_1_199' title='bbox 314 2319 348 2382; x_wconf 80' lang='grc'><strong>3.</strong></span> <span class='ocrx_word' id='word_1_200' title='bbox 880 2311 892 2335; x_wconf 78' lang='grc'><strong><em>’</em></strong></span> 
     </span>
    </p>

    <p class='ocr_par' dir='ltr' id='par_1_3' title="bbox 81 2407 1356 2585">
     <span class='ocr_line' id='line_1_22' title="bbox 148 2407 1356 2497; baseline 0.003 -23"><span class='ocrx_word' id='word_1_201' title='bbox 148 2407 388 2491; x_wconf 59' lang='lat' dir='ltr'><strong>&#39;dominatuum</strong></span> <span class='ocrx_word' id='word_1_202' title='bbox 412 2410 672 2495; x_wconf 65' lang='lat' dir='ltr'><strong>Aristotelicas,</strong></span> <span class='ocrx_word' id='word_1_203' title='bbox 696 2412 925 2494; x_wconf 83' lang='lat' dir='ltr'><strong>,Qttaeautcm</strong></span> <span class='ocrx_word' id='word_1_204' title='bbox 941 2413 991 2478; x_wconf 90' lang='lat' dir='ltr'><strong>his</strong></span> <span class='ocrx_word' id='word_1_205' title='bbox 1007 2414 1207 2497; x_wconf 79' lang='lat' dir='ltr'><strong>temporibus</strong></span> <span class='ocrx_word' id='word_1_206' title='bbox 1222 2413 1356 2497; x_wconf 88' lang='lat' dir='ltr'><strong>scripsi,</strong></span> 
     </span>
     <span class='ocr_line' id='line_1_23' title="bbox 81 2499 1049 2585; baseline 0.004 -18"><span class='ocrx_word' id='word_1_207' title='bbox 81 2499 304 2585; x_wconf 74' lang='grc' dir='ltr'><strong>ἈριστοτΛειστ</strong></span> <span class='ocrx_word' id='word_1_208' title='bbox 317 2529 429 2571; x_wconf 86' lang='lat' dir='ltr'><strong>morem</strong></span> <span class='ocrx_word' id='word_1_209' title='bbox 447 2505 606 2571; x_wconf 86' lang='lat' dir='ltr'><strong>bahent.&#39;’</strong></span> <span class='ocrx_word' id='word_1_210' title='bbox 649 2510 687 2569; x_wconf 88' lang='lat' dir='ltr'><strong>ad</strong></span> <span class='ocrx_word' id='word_1_211' title='bbox 709 2508 908 2574; x_wconf 80' lang='grc' dir='ltr'><strong>Α11.ΧΙΙΙ.</strong></span> <span class='ocrx_word' id='word_1_212' title='bbox 931 2509 990 2583; x_wconf 80' lang='lat'><strong>19,</strong></span> <span class='ocrx_word' id='word_1_213' title='bbox 1016 2510 1049 2572; x_wconf 84' lang='grc'><strong>1.</strong></span> 
     </span>
    </p>

    <p class='ocr_par' dir='ltr' id='par_1_4' title="bbox 80 2598 1359 2763">
     <span class='ocr_line' id='line_1_24' title="bbox 153 2598 1359 2685; baseline 0.002 -24"><span class='ocrx_word' id='word_1_214' title='bbox 153 2598 373 2685; x_wconf 65' lang='lat' dir='ltr'><strong>&#39;Apmorilaes</strong></span> <span class='ocrx_word' id='word_1_215' title='bbox 404 2603 625 2669; x_wconf 79' lang='lat' dir='ltr'><strong>Aristoteles.</strong></span> <span class='ocrx_word' id='word_1_216' title='bbox 681 2603 721 2664; x_wconf 81' lang='lat' dir='ltr'><strong>td</strong></span> <span class='ocrx_word' id='word_1_217' title='bbox 753 2602 826 2667; x_wconf 83' lang='lat' dir='ltr'><strong>Att.</strong></span> <span class='ocrx_word' id='word_1_218' title='bbox 861 2603 928 2667; x_wconf 79' lang='lat' dir='ltr'><strong>lV.</strong></span> <span class='ocrx_word' id='word_1_219' title='bbox 966 2603 1028 2681; x_wconf 81' lang='lat' dir='ltr'><strong>lh,</strong></span> <span class='ocrx_word' id='word_1_220' title='bbox 1062 2603 1094 2667; x_wconf 77' lang='lat'><strong>2.</strong></span> <span class='ocrx_word' id='word_1_221' title='bbox 1149 2601 1231 2668; x_wconf 85' lang='lat' dir='ltr'><strong>Vid.</strong></span> <span class='ocrx_word' id='word_1_222' title='bbox 1266 2603 1359 2669; x_wconf 86' lang='lat' dir='ltr'><strong>Ono.</strong></span> 
     </span>
     <span class='ocr_line' id='line_1_25' title="bbox 80 2691 834 2763; baseline 0.013 -12"><span class='ocrx_word' id='word_1_223' title='bbox 80 2691 185 2754; x_wconf 77' lang='lat' dir='ltr'><strong>mestis.</strong></span> <span class='ocrx_word' id='word_1_224' title='bbox 206 2716 231 2757; x_wconf 89' lang='lat' dir='ltr'><strong>s.</strong></span> <span class='ocrx_word' id='word_1_225' title='bbox 250 2698 278 2762; x_wconf 93' lang='lat' dir='ltr'><strong>h.</strong></span> <span class='ocrx_word' id='word_1_226' title='bbox 303 2720 334 2763; x_wconf 85' lang='lat' dir='ltr'><strong>r.</strong></span> <span class='ocrx_word' id='word_1_227' title='bbox 832 2717 834 2725; x_wconf 84' lang='grc'><strong>’</strong></span> 
     </span>
    </p>

    <p class='ocr_par' dir='ltr' id='par_1_5' title="bbox 69 2788 1360 3165">
     <span class='ocr_line' id='line_1_26' title="bbox 151 2788 1360 2886; baseline -0.001 -33"><span class='ocrx_word' id='word_1_228' title='bbox 151 2788 380 2875; x_wconf 67' lang='grc' dir='ltr'><strong>Ἀριστοτέλους,</strong></span> <span class='ocrx_word' id='word_1_229' title='bbox 403 2790 624 2872; x_wconf 84' lang='lat' dir='ltr'><strong>Aristotelis,</strong></span> <span class='ocrx_word' id='word_1_230' title='bbox 650 2794 721 2858; x_wconf 88' lang='lat' dir='ltr'><strong>scil.</strong></span> <span class='ocrx_word' id='word_1_231' title='bbox 737 2791 872 2857; x_wconf 81' lang='lat' dir='ltr'><strong>suasio.</strong></span> <span class='ocrx_word' id='word_1_232' title='bbox 903 2792 1054 2864; x_wconf 86' lang='lat' dir='ltr'><strong>,Mecum</strong></span> <span class='ocrx_word' id='word_1_233' title='bbox 1079 2793 1183 2857; x_wconf 84' lang='lat' dir='ltr'><strong>haheo</strong></span> <span class='ocrx_word' id='word_1_234' title='bbox 1208 2804 1239 2857; x_wconf 88' lang='lat' dir='ltr'><strong>et</strong></span> <span class='ocrx_word' id='word_1_235' title='bbox 1260 2797 1360 2886; x_wconf 62' lang='grc' dir='ltr'><strong>Ἀρι.</strong></span> 
     </span>
     <span class='ocr_line' id='line_1_27' title="bbox 81 2884 1360 2982; baseline 0.003 -29"><span class='ocrx_word' id='word_1_236' title='bbox 81 2897 458 2982; x_wconf 61' lang='grc' dir='ltr'><strong>Μάσυςεΐθωπόμπου</strong></span> <span class='ocrx_word' id='word_1_237' title='bbox 477 2895 559 2980; x_wconf 76' lang='grc' dir='ltr'><strong>πρὸς</strong></span> <span class='ocrx_word' id='word_1_238' title='bbox 578 2893 808 2977; x_wconf 69' lang='grc' dir='ltr'><strong>Ἀλέξανδρον.</strong></span> <span class='ocrx_word' id='word_1_239' title='bbox 818 2884 837 2915; x_wconf 71' lang='grc'>”</span> <span class='ocrx_word' id='word_1_240' title='bbox 859 2888 899 2948; x_wconf 85' lang='lat' dir='ltr'><strong>ad</strong></span> <span class='ocrx_word' id='word_1_241' title='bbox 918 2888 989 2950; x_wconf 77' lang='lat' dir='ltr'><strong>Ali.</strong></span> <span class='ocrx_word' id='word_1_242' title='bbox 1013 2886 1098 2951; x_wconf 70' lang='grc' dir='ltr'><strong>ΧΠ.</strong></span> <span class='ocrx_word' id='word_1_243' title='bbox 1121 2887 1178 2964; x_wconf 67' lang='grc'><strong>10,</strong></span> <span class='ocrx_word' id='word_1_244' title='bbox 1203 2888 1235 2950; x_wconf 68' lang='lat'><strong>2·</strong></span> <span class='ocrx_word' id='word_1_245' title='bbox 1260 2887 1360 2957; x_wconf 76' lang='lat' dir='ltr'><strong>Cotti.</strong></span> 
     </span>
     <span class='ocr_line' id='line_1_28' title="bbox 75 2981 1360 3071; baseline 0.002 -25"><span class='ocrx_word' id='word_1_246' title='bbox 75 2984 109 3047; x_wconf 84' lang='lat' dir='ltr'><strong>ad</strong></span> <span class='ocrx_word' id='word_1_247' title='bbox 126 2984 182 3050; x_wconf 78' lang='lat' dir='ltr'><strong>lu.</strong></span> <span class='ocrx_word' id='word_1_248' title='bbox 198 2990 289 3056; x_wconf 86' lang='lat' dir='ltr'><strong>Xlll.</strong></span> <span class='ocrx_word' id='word_1_249' title='bbox 312 2993 375 3069; x_wconf 76' lang='lat' dir='ltr'><strong>ts,</strong></span> <span class='ocrx_word' id='word_1_250' title='bbox 398 2994 439 3056; x_wconf 74' lang='lat'><strong>2:</strong></span> <span class='ocrx_word' id='word_1_251' title='bbox 470 2990 584 3071; x_wconf 79' lang='lat' dir='ltr'><strong>„Qtsae</strong></span> <span class='ocrx_word' id='word_1_252' title='bbox 606 2999 679 3051; x_wconf 74' lang='lat' dir='ltr'><strong>siunt</strong></span> <span class='ocrx_word' id='word_1_253' title='bbox 708 2986 748 3048; x_wconf 87' lang='lat' dir='ltr'><strong>ad</strong></span> <span class='ocrx_word' id='word_1_254' title='bbox 770 2981 992 3045; x_wconf 80' lang='lat' dir='ltr'><strong>Alexandrum</strong></span> <span class='ocrx_word' id='word_1_255' title='bbox 1014 2981 1176 3045; x_wconf 87' lang='lat' dir='ltr'><strong>hominum</strong></span> <span class='ocrx_word' id='word_1_256' title='bbox 1204 2983 1360 3069; x_wconf 87' lang='lat' dir='ltr'><strong>eloquen-</strong></span> 
     </span>
     <span class='ocr_line' id='line_1_29' title="bbox 69 3074 1220 3165; baseline -0.002 -25"><span class='ocrx_word' id='word_1_257' title='bbox 69 3076 128 3141; x_wconf 82' lang='lat' dir='ltr'><strong>tium</strong></span> <span class='ocrx_word' id='word_1_258' title='bbox 144 3093 172 3144; x_wconf 86' lang='lat' dir='ltr'><strong>et</strong></span> <span class='ocrx_word' id='word_1_259' title='bbox 188 3086 348 3152; x_wconf 80' lang='lat' dir='ltr'><strong>doctorum</strong></span> <span class='ocrx_word' id='word_1_260' title='bbox 368 3087 551 3164; x_wconf 78' lang='lat' dir='ltr'><strong>suasiones,</strong></span> <span class='ocrx_word' id='word_1_261' title='bbox 576 3085 666 3152; x_wconf 82' lang='lat' dir='ltr'><strong>vides</strong></span> <span class='ocrx_word' id='word_1_262' title='bbox 688 3078 803 3165; x_wconf 89' lang='lat' dir='ltr'><strong>quihus</strong></span> <span class='ocrx_word' id='word_1_263' title='bbox 830 3077 861 3140; x_wconf 90' lang='lat' dir='ltr'><strong>in</strong></span> <span class='ocrx_word' id='word_1_264' title='bbox 888 3078 985 3140; x_wconf 86' lang='lat' dir='ltr'><strong>rebus</strong></span> <span class='ocrx_word' id='word_1_265' title='bbox 1009 3074 1220 3139; x_wconf 86' lang='lat' dir='ltr'><strong>versentur.’&#39;</strong></span> 
     </span>
    </p>

    <p class='ocr_par' dir='ltr' id='par_1_6' title="bbox 60 3172 1402 3745">
     <span class='ocr_line' id='line_1_30' title="bbox 127 3172 1360 3265; baseline -0.002 -23"><span class='ocrx_word' id='word_1_266' title='bbox 127 3176 301 3265; x_wconf 67' lang='grc' dir='ltr'><strong>Ἀρκαδίαν.</strong></span> <span class='ocrx_word' id='word_1_267' title='bbox 362 3184 562 3248; x_wconf 86' lang='lat' dir='ltr'><strong>Hexameter</strong></span> <span class='ocrx_word' id='word_1_268' title='bbox 592 3184 717 3263; x_wconf 81' lang='lat' dir='ltr'><strong>integer</strong></span> <span class='ocrx_word' id='word_1_269' title='bbox 747 3173 794 3238; x_wconf 85' lang='lat' dir='ltr'><strong>sio</strong></span> <span class='ocrx_word' id='word_1_270' title='bbox 822 3173 942 3235; x_wconf 83' lang='lat' dir='ltr'><strong>habet:</strong></span> <span class='ocrx_word' id='word_1_271' title='bbox 973 3172 1159 3258; x_wconf 71' lang='grc' dir='ltr'><strong>Ἀρκαδίαν</strong></span> <span class='ocrx_word' id='word_1_272' title='bbox 1185 3174 1219 3256; x_wconf 80' lang='grc' dir='ltr'><strong>μ’</strong></span> <span class='ocrx_word' id='word_1_273' title='bbox 1243 3183 1360 3252; x_wconf 79' lang='grc' dir='ltr'><strong>αἰτεῖς,</strong></span> 
     </span>
     <span class='ocr_line' id='line_1_31' title="bbox 61 3264 1362 3358; baseline -0.004 -22"><span class='ocrx_word' id='word_1_274' title='bbox 61 3286 130 3355; x_wconf 68' lang='grc' dir='ltr'><strong>μίγα</strong></span> <span class='ocrx_word' id='word_1_275' title='bbox 148 3277 178 3358; x_wconf 84' lang='grc' dir='ltr'><strong>μ’</strong></span> <span class='ocrx_word' id='word_1_276' title='bbox 202 3284 311 3356; x_wconf 56' lang='lat' dir='ltr'><strong>main,</strong></span> <span class='ocrx_word' id='word_1_277' title='bbox 344 3278 388 3343; x_wconf 76' lang='grc' dir='ltr'><strong>οὔ</strong></span> <span class='ocrx_word' id='word_1_278' title='bbox 416 3304 466 3345; x_wconf 64' lang='lat'><strong>10,</strong></span> <span class='ocrx_word' id='word_1_279' title='bbox 493 3278 598 3357; x_wconf 70' lang='lat' dir='ltr'><strong>suaa,</strong></span> <span class='ocrx_word' id='word_1_280' title='bbox 629 3269 820 3342; x_wconf 79' lang='lat' dir='ltr'><strong>Arcadiam</strong></span> <span class='ocrx_word' id='word_1_281' title='bbox 846 3284 901 3329; x_wconf 84' lang='lat' dir='ltr'><strong>me</strong></span> <span class='ocrx_word' id='word_1_282' title='bbox 925 3264 1063 3349; x_wconf 83' lang='lat' dir='ltr'><strong>poscis,</strong></span> <span class='ocrx_word' id='word_1_283' title='bbox 1096 3286 1171 3328; x_wconf 86' lang='lat' dir='ltr'><strong>rem</strong></span> <span class='ocrx_word' id='word_1_284' title='bbox 1197 3286 1362 3351; x_wconf 83' lang='lat' dir='ltr'><strong>magnam</strong></span> 
     </span>
     <span class='ocr_line' id='line_1_32' title="bbox 61 3358 1361 3459; baseline -0.008 -22"><span class='ocrx_word' id='word_1_285' title='bbox 61 3370 230 3452; x_wconf 77' lang='lat' dir='ltr'><strong>meposcis,</strong></span> <span class='ocrx_word' id='word_1_286' title='bbox 260 3394 483 3459; x_wconf 77' lang='lat' dir='ltr'><strong>nequaquam</strong></span> <span class='ocrx_word' id='word_1_287' title='bbox 506 3373 608 3438; x_wconf 85' lang='lat' dir='ltr'><strong>dabo.</strong></span> <span class='ocrx_word' id='word_1_288' title='bbox 664 3360 905 3437; x_wconf 87' lang='lat' dir='ltr'><strong>Proverhium,</strong></span> <span class='ocrx_word' id='word_1_289' title='bbox 940 3380 1010 3422; x_wconf 89' lang='lat' dir='ltr'><strong>cum</strong></span> <span class='ocrx_word' id='word_1_290' title='bbox 1044 3358 1115 3443; x_wconf 89' lang='lat' dir='ltr'><strong>qais</strong></span> <span class='ocrx_word' id='word_1_291' title='bbox 1138 3361 1238 3440; x_wconf 87' lang='lat' dir='ltr'><strong>petit,</strong></span> <span class='ocrx_word' id='word_1_292' title='bbox 1272 3364 1361 3446; x_wconf 81' lang='lat' dir='ltr'><strong>quot</strong></span> 
     </span>
     <span class='ocr_line' id='line_1_33' title="bbox 60 3453 1362 3547; baseline -0.002 -24"><span class='ocrx_word' id='word_1_293' title='bbox 60 3460 116 3524; x_wconf 81' lang='lat' dir='ltr'><strong>lieri</strong></span> <span class='ocrx_word' id='word_1_294' title='bbox 133 3484 188 3527; x_wconf 84' lang='lat' dir='ltr'><strong>ror</strong></span> <span class='ocrx_word' id='word_1_295' title='bbox 206 3478 309 3547; x_wconf 88' lang='lat' dir='ltr'><strong>potest</strong></span> <span class='ocrx_word' id='word_1_296' title='bbox 332 3478 391 3530; x_wconf 75' lang='lat' dir='ltr'><strong>anst</strong></span> <span class='ocrx_word' id='word_1_297' title='bbox 413 3466 631 3531; x_wconf 86' lang='lat' dir='ltr'><strong>difficillimum</strong></span> <span class='ocrx_word' id='word_1_298' title='bbox 651 3473 712 3525; x_wconf 89' lang='lat' dir='ltr'><strong>est.</strong></span> <span class='ocrx_word' id='word_1_299' title='bbox 757 3458 790 3520; x_wconf 90' lang='lat' dir='ltr'><strong>ls</strong></span> <span class='ocrx_word' id='word_1_300' title='bbox 813 3474 925 3517; x_wconf 83' lang='lat' dir='ltr'><strong>versos</strong></span> <span class='ocrx_word' id='word_1_301' title='bbox 952 3454 1085 3517; x_wconf 88' lang='lat' dir='ltr'><strong>oraculo</strong></span> <span class='ocrx_word' id='word_1_302' title='bbox 1104 3453 1206 3517; x_wconf 86' lang='lat' dir='ltr'><strong>editus</strong></span> <span class='ocrx_word' id='word_1_303' title='bbox 1230 3467 1296 3531; x_wconf 84' lang='lat' dir='ltr'><strong>est,</strong></span> <span class='ocrx_word' id='word_1_304' title='bbox 1322 3458 1362 3520; x_wconf 86' lang='lat' dir='ltr'><strong>de</strong></span> 
     </span>
     <span class='ocr_line' id='line_1_34' title="bbox 61 3546 1363 3647; baseline -0.002 -25"><span class='ocrx_word' id='word_1_305' title='bbox 61 3574 114 3637; x_wconf 71' lang='grc' dir='ltr'><strong>σω</strong></span> <span class='ocrx_word' id='word_1_306' title='bbox 131 3558 305 3624; x_wconf 76' lang='lat' dir='ltr'><strong>Herodotus</strong></span> <span class='ocrx_word' id='word_1_307' title='bbox 328 3561 360 3624; x_wconf 91' lang='lat' dir='ltr'><strong>l.</strong></span> <span class='ocrx_word' id='word_1_308' title='bbox 384 3560 414 3627; x_wconf 89' lang='grc' dir='ltr'><strong>Ι.</strong></span> <span class='ocrx_word' id='word_1_309' title='bbox 431 3582 462 3623; x_wconf 83' lang='lat' dir='ltr'><strong>c.</strong></span> <span class='ocrx_word' id='word_1_310' title='bbox 490 3562 543 3625; x_wconf 79' lang='lat' dir='ltr'><strong>uo.</strong></span> <span class='ocrx_word' id='word_1_311' title='bbox 563 3582 597 3643; x_wconf 87' lang='lat' dir='ltr'><strong>p.</strong></span> <span class='ocrx_word' id='word_1_312' title='bbox 623 3558 676 3622; x_wconf 79' lang='lat' dir='ltr'><strong>to.</strong></span> <span class='ocrx_word' id='word_1_313' title='bbox 699 3556 750 3618; x_wconf 86' lang='lat' dir='ltr'><strong>ed.</strong></span> <span class='ocrx_word' id='word_1_314' title='bbox 775 3551 889 3631; x_wconf 79' lang='lat' dir='ltr'><strong>suph.</strong></span> <span class='ocrx_word' id='word_1_315' title='bbox 911 3550 997 3647; x_wconf 69' lang='lat' dir='ltr'><strong>linu-</strong></span> <span class='ocrx_word' id='word_1_316' title='bbox 1041 3547 1161 3628; x_wconf 66' lang='lat' dir='ltr'><strong>..Qtwd</strong></span> <span class='ocrx_word' id='word_1_317' title='bbox 1183 3546 1257 3613; x_wconf 83' lang='lat' dir='ltr'><strong>mihi</strong></span> <span class='ocrx_word' id='word_1_318' title='bbox 1276 3568 1363 3629; x_wconf 79' lang='lat' dir='ltr'><strong>man-</strong></span> 
     </span>
     <span class='ocr_line' id='line_1_35' title="bbox 60 3642 1402 3745; baseline 0.004 -31"><span class='ocrx_word' id='word_1_319' title='bbox 60 3651 105 3714; x_wconf 75' lang='lat' dir='ltr'><strong>das</strong></span> <span class='ocrx_word' id='word_1_320' title='bbox 123 3654 156 3716; x_wconf 87' lang='lat' dir='ltr'><strong>de</strong></span> <span class='ocrx_word' id='word_1_321' title='bbox 173 3654 287 3734; x_wconf 81' lang='lat' dir='ltr'><strong>Quinto</strong></span> <span class='ocrx_word' id='word_1_322' title='bbox 307 3657 479 3740; x_wconf 84' lang='lat' dir='ltr'><strong>regendo,</strong></span> <span class='ocrx_word' id='word_1_323' title='bbox 497 3652 729 3745; x_wconf 67' lang='lat' dir='ltr'><strong>&#39;Apaadlam’&#39;</strong></span> <span class='ocrx_word' id='word_1_324' title='bbox 773 3646 812 3710; x_wconf 69' lang='lat' dir='ltr'><strong>td</strong></span> <span class='ocrx_word' id='word_1_325' title='bbox 837 3647 911 3710; x_wconf 71' lang='lat' dir='ltr'><strong>All·</strong></span> <span class='ocrx_word' id='word_1_326' title='bbox 938 3643 986 3706; x_wconf 72' lang='grc' dir='ltr'><strong>Χ·</strong></span> <span class='ocrx_word' id='word_1_327' title='bbox 1015 3644 1053 3719; x_wconf 78' lang='lat' dir='ltr'><strong>t,</strong></span> <span class='ocrx_word' id='word_1_328' title='bbox 1082 3642 1112 3710; x_wconf 73' lang='lat'><strong>²·</strong></span> <span class='ocrx_word' id='word_1_329' title='bbox 1394 3712 1402 3719; x_wconf 86' lang='lat'><strong>.</strong></span> 
     </span>
    </p>

    <p class='ocr_par' dir='ltr' id='par_1_7' title="bbox 59 3736 1364 4024">
     <span class='ocr_line' id='line_1_36' title="bbox 122 3736 1362 3835; baseline -0.008 -22"><span class='ocrx_word' id='word_1_330' title='bbox 122 3747 269 3835; x_wconf 83' lang='grc' dir='ltr'><strong>Ἀρκτσι,</strong></span> <span class='ocrx_word' id='word_1_331' title='bbox 295 3770 425 3823; x_wconf 82' lang='lat' dir='ltr'><strong>ursae,</strong></span> <span class='ocrx_word' id='word_1_332' title='bbox 450 3748 529 3813; x_wconf 78' lang='lat' dir='ltr'><strong>ditae</strong></span> <span class='ocrx_word' id='word_1_333' title='bbox 544 3750 672 3823; x_wconf 83' lang='lat' dir='ltr'><strong>stellae,</strong></span> <span class='ocrx_word' id='word_1_334' title='bbox 701 3762 834 3829; x_wconf 85' lang='lat' dir='ltr'><strong>quarum</strong></span> <span class='ocrx_word' id='word_1_335' title='bbox 862 3739 962 3803; x_wconf 79' lang='lat' dir='ltr'><strong>alters</strong></span> <span class='ocrx_word' id='word_1_336' title='bbox 985 3739 1076 3801; x_wconf 82' lang='lat' dir='ltr'><strong>Ursa</strong></span> <span class='ocrx_word' id='word_1_337' title='bbox 1100 3736 1230 3814; x_wconf 85' lang='lat' dir='ltr'><strong>maior,</strong></span> <span class='ocrx_word' id='word_1_338' title='bbox 1262 3738 1362 3803; x_wconf 84' lang='lat' dir='ltr'><strong>altera</strong></span> 
     </span>
     <span class='ocr_line' id='line_1_37' title="bbox 59 3831 1364 3930; baseline -0.008 -24"><span class='ocrx_word' id='word_1_339' title='bbox 59 3843 132 3905; x_wconf 83' lang='lat' dir='ltr'><strong>Urso</strong></span> <span class='ocrx_word' id='word_1_340' title='bbox 153 3846 257 3909; x_wconf 86' lang='lat' dir='ltr'><strong>minor</strong></span> <span class='ocrx_word' id='word_1_341' title='bbox 284 3844 484 3930; x_wconf 83' lang='lat' dir='ltr'><strong>appellatur.</strong></span> <span class='ocrx_word' id='word_1_342' title='bbox 539 3844 660 3918; x_wconf 78' lang='lat' dir='ltr'><strong>,Httnc</strong></span> <span class='ocrx_word' id='word_1_343' title='bbox 685 3836 841 3920; x_wconf 84' lang='lat' dir='ltr'><strong>(polum)</strong></span> <span class='ocrx_word' id='word_1_344' title='bbox 867 3833 986 3897; x_wconf 83' lang='lat' dir='ltr'><strong>circum</strong></span> <span class='ocrx_word' id='word_1_345' title='bbox 1009 3833 1126 3922; x_wconf 81' lang='grc' dir='ltr'><strong>ἄρκτοι</strong></span> <span class='ocrx_word' id='word_1_346' title='bbox 1153 3834 1232 3895; x_wconf 74' lang='lat' dir='ltr'><strong>ditae</strong></span> <span class='ocrx_word' id='word_1_347' title='bbox 1253 3831 1364 3896; x_wconf 72' lang='lat' dir='ltr'><strong>ferien-</strong></span> 
     </span>
     <span class='ocr_line' id='line_1_38' title="bbox 60 3928 1234 4024; baseline -0.008 -26"><span class='ocrx_word' id='word_1_348' title='bbox 60 3942 280 4024; x_wconf 79' lang='lat' dir='ltr'><strong>tnr,nnnquam</strong></span> <span class='ocrx_word' id='word_1_349' title='bbox 307 3937 540 4004; x_wconf 84' lang='lat' dir='ltr'><strong>occidentes.&#39;&#39;</strong></span> <span class='ocrx_word' id='word_1_350' title='bbox 583 3940 621 4001; x_wconf 87' lang='lat' dir='ltr'><strong>de</strong></span> <span class='ocrx_word' id='word_1_351' title='bbox 641 3936 720 4000; x_wconf 84' lang='lat' dir='ltr'><strong>Nat.</strong></span> <span class='ocrx_word' id='word_1_352' title='bbox 747 3930 853 3996; x_wconf 82' lang='lat' dir='ltr'><strong>Dror.</strong></span> <span class='ocrx_word' id='word_1_353' title='bbox 873 3928 922 3992; x_wconf 86' lang='lat'><strong>11.</strong></span> <span class='ocrx_word' id='word_1_354' title='bbox 950 3928 1008 4003; x_wconf 85' lang='grc'><strong>11,</strong></span> <span class='ocrx_word' id='word_1_355' title='bbox 1046 3928 1120 3991; x_wconf 78' lang='lat' dir='ltr'><strong>tos.</strong></span> <span class='ocrx_word' id='word_1_356' title='bbox 1230 3994 1234 3999; x_wconf 60' lang='grc'><strong>,</strong></span> 
     </span>
    </p>

    <p class='ocr_par' dir='ltr' id='par_1_8' title="bbox 56 4019 1365 4306">
     <span class='ocr_line' id='line_1_39' title="bbox 124 4019 1363 4119; baseline -0.009 -24"><span class='ocrx_word' id='word_1_357' title='bbox 124 4033 292 4119; x_wconf 75' lang='lat' dir='ltr'><strong>‘Apporta,</strong></span> <span class='ocrx_word' id='word_1_358' title='bbox 321 4033 515 4097; x_wconf 72' lang='lat' dir='ltr'><strong>conceretio.</strong></span> <span class='ocrx_word' id='word_1_359' title='bbox 567 4032 651 4113; x_wconf 81' lang='lat' dir='ltr'><strong>„Est</strong></span> <span class='ocrx_word' id='word_1_360' title='bbox 679 4039 782 4090; x_wconf 77' lang='lat' dir='ltr'><strong>etitem</strong></span> <span class='ocrx_word' id='word_1_361' title='bbox 805 4044 886 4089; x_wconf 89' lang='lat' dir='ltr'><strong>uuus</strong></span> <span class='ocrx_word' id='word_1_362' title='bbox 908 4022 1066 4101; x_wconf 87' lang='lat' dir='ltr'><strong>(animus)</strong></span> <span class='ocrx_word' id='word_1_363' title='bbox 1089 4038 1129 4083; x_wconf 82' lang='lat' dir='ltr'><strong>ex</strong></span> <span class='ocrx_word' id='word_1_364' title='bbox 1147 4019 1292 4085; x_wconf 86' lang='lat' dir='ltr'><strong>omnihus</strong></span> <span class='ocrx_word' id='word_1_365' title='bbox 1310 4036 1363 4084; x_wconf 79' lang='lat' dir='ltr'><strong>ra·</strong></span> 
     </span>
     <span class='ocr_line' id='line_1_40' title="bbox 59 4114 1365 4214; baseline -0.008 -27"><span class='ocrx_word' id='word_1_366' title='bbox 59 4120 137 4187; x_wconf 82' lang='lat' dir='ltr'><strong>tinnit</strong></span> <span class='ocrx_word' id='word_1_367' title='bbox 154 4127 434 4212; x_wconf 77' lang='lat' dir='ltr'><strong>consensionisque</strong></span> <span class='ocrx_word' id='word_1_368' title='bbox 449 4130 610 4214; x_wconf 75' lang='grc' dir='ltr'><strong>(ἁρμονία</strong></span> <span class='ocrx_word' id='word_1_369' title='bbox 627 4124 757 4211; x_wconf 79' lang='lat' dir='ltr'><strong>graece)</strong></span> <span class='ocrx_word' id='word_1_370' title='bbox 776 4118 1039 4201; x_wconf 86' lang='lat' dir='ltr'><strong>sempiternarum</strong></span> <span class='ocrx_word' id='word_1_371' title='bbox 1057 4136 1164 4180; x_wconf 88' lang='lat' dir='ltr'><strong>rerum</strong></span> <span class='ocrx_word' id='word_1_372' title='bbox 1183 4122 1215 4178; x_wconf 84' lang='lat' dir='ltr'><strong>et</strong></span> <span class='ocrx_word' id='word_1_373' title='bbox 1233 4115 1294 4178; x_wconf 91' lang='lat' dir='ltr'><strong>suh</strong></span> <span class='ocrx_word' id='word_1_374' title='bbox 1316 4114 1365 4178; x_wconf 91' lang='lat' dir='ltr'><strong>in-</strong></span> 
     </span>
     <span class='ocr_line' id='line_1_41' title="bbox 56 4211 1117 4306; baseline -0.008 -25"><span class='ocrx_word' id='word_1_375' title='bbox 56 4218 228 4306; x_wconf 72' lang='lat' dir='ltr'><strong>telligentiam</strong></span> <span class='ocrx_word' id='word_1_376' title='bbox 245 4223 435 4288; x_wconf 81' lang='lat' dir='ltr'><strong>cadentium</strong></span> <span class='ocrx_word' id='word_1_377' title='bbox 459 4224 594 4305; x_wconf 86' lang='lat' dir='ltr'><strong>compos</strong></span> <span class='ocrx_word' id='word_1_378' title='bbox 614 4231 646 4285; x_wconf 87' lang='lat' dir='ltr'><strong>et</strong></span> <span class='ocrx_word' id='word_1_379' title='bbox 667 4216 841 4301; x_wconf 84' lang='lat' dir='ltr'><strong>particeps.</strong></span> <span class='ocrx_word' id='word_1_380' title='bbox 851 4211 871 4243; x_wconf 85' lang='lat'><strong>’&#39;</strong></span> <span class='ocrx_word' id='word_1_381' title='bbox 916 4211 1004 4276; x_wconf 85' lang='lat' dir='ltr'><strong>Tim.</strong></span> <span class='ocrx_word' id='word_1_382' title='bbox 1030 4230 1060 4274; x_wconf 92' lang='lat' dir='ltr'><strong>c.</strong></span> <span class='ocrx_word' id='word_1_383' title='bbox 1084 4211 1117 4273; x_wconf 87' lang='grc'><strong>8.</strong></span> 
     </span>
    </p>

    <p class='ocr_par' dir='ltr' id='par_1_9' title="bbox 53 4304 1365 4773">
     <span class='ocr_line' id='line_1_42' title="bbox 117 4304 1364 4404; baseline -0.01 -24"><span class='ocrx_word' id='word_1_384' title='bbox 117 4318 396 4404; x_wconf 69' lang='grc' dir='ltr'><strong>Ἆρ’ῥωσιήματα,</strong></span> <span class='ocrx_word' id='word_1_385' title='bbox 418 4316 692 4402; x_wconf 79' lang='lat' dir='ltr'><strong>aegrotationes.</strong></span> <span class='ocrx_word' id='word_1_386' title='bbox 737 4305 942 4372; x_wconf 84' lang='lat' dir='ltr'><strong>Vocabulum</strong></span> <span class='ocrx_word' id='word_1_387' title='bbox 965 4304 1123 4381; x_wconf 89' lang='lat' dir='ltr'><strong>Stoicum,</strong></span> <span class='ocrx_word' id='word_1_388' title='bbox 1150 4315 1279 4368; x_wconf 82' lang='lat' dir='ltr'><strong>exarte</strong></span> <span class='ocrx_word' id='word_1_389' title='bbox 1298 4324 1364 4367; x_wconf 87' lang='lat' dir='ltr'><strong>me·</strong></span> 
     </span>
     <span class='ocr_line' id='line_1_43' title="bbox 53 4397 1364 4486; baseline -0.008 -15"><span class='ocrx_word' id='word_1_390' title='bbox 53 4406 106 4471; x_wconf 81' lang='lat' dir='ltr'><strong>dics</strong></span> <span class='ocrx_word' id='word_1_391' title='bbox 131 4416 311 4477; x_wconf 82' lang='lat' dir='ltr'><strong>translaturo</strong></span> <span class='ocrx_word' id='word_1_392' title='bbox 342 4424 375 4475; x_wconf 91' lang='lat' dir='ltr'><strong>et</strong></span> <span class='ocrx_word' id='word_1_393' title='bbox 401 4414 579 4475; x_wconf 84' lang='lat' dir='ltr'><strong>traductum</strong></span> <span class='ocrx_word' id='word_1_394' title='bbox 607 4410 648 4472; x_wconf 87' lang='lat' dir='ltr'><strong>ad</strong></span> <span class='ocrx_word' id='word_1_395' title='bbox 672 4405 831 4476; x_wconf 66' lang='lat' dir='ltr'><strong>animum</strong></span> <span class='ocrx_word' id='word_1_396' title='bbox 856 4401 887 4464; x_wconf 89' lang='lat' dir='ltr'><strong>in</strong></span> <span class='ocrx_word' id='word_1_397' title='bbox 914 4421 979 4486; x_wconf 91' lang='lat' dir='ltr'><strong>quo</strong></span> <span class='ocrx_word' id='word_1_398' title='bbox 1006 4418 1124 4485; x_wconf 84' lang='lat' dir='ltr'><strong>genere</strong></span> <span class='ocrx_word' id='word_1_399' title='bbox 1146 4397 1364 4462; x_wconf 79' lang='lat' dir='ltr'><strong>translationis</strong></span> 
     </span>
     <span class='ocr_line' id='line_1_44' title="bbox 53 4492 1364 4588; baseline -0.011 -19"><span class='ocrx_word' id='word_1_400' title='bbox 53 4504 120 4569; x_wconf 72' lang='lat' dir='ltr'><strong>sinit</strong></span> <span class='ocrx_word' id='word_1_401' title='bbox 138 4523 224 4572; x_wconf 82' lang='lat' dir='ltr'><strong>eram</strong></span> <span class='ocrx_word' id='word_1_402' title='bbox 241 4505 372 4584; x_wconf 82' lang='lat' dir='ltr'><strong>Stoici,</strong></span> <span class='ocrx_word' id='word_1_403' title='bbox 394 4504 553 4588; x_wconf 87' lang='lat' dir='ltr'><strong>inprimis</strong></span> <span class='ocrx_word' id='word_1_404' title='bbox 575 4500 792 4582; x_wconf 85' lang='lat' dir='ltr'><strong>Chrysippus.</strong></span> <span class='ocrx_word' id='word_1_405' title='bbox 836 4496 875 4560; x_wconf 92' lang='lat' dir='ltr'><strong>In</strong></span> <span class='ocrx_word' id='word_1_406' title='bbox 900 4497 1004 4559; x_wconf 85' lang='lat' dir='ltr'><strong>animo</strong></span> <span class='ocrx_word' id='word_1_407' title='bbox 1023 4495 1149 4577; x_wconf 90' lang='lat' dir='ltr'><strong>itaque,</strong></span> <span class='ocrx_word' id='word_1_408' title='bbox 1178 4492 1265 4557; x_wconf 90' lang='lat' dir='ltr'><strong>utin</strong></span> <span class='ocrx_word' id='word_1_409' title='bbox 1287 4513 1364 4557; x_wconf 90' lang='lat' dir='ltr'><strong>cor·</strong></span> 
     </span>
     <span class='ocr_line' id='line_1_45' title="bbox 53 4583 1365 4684; baseline -0.014 -19"><span class='ocrx_word' id='word_1_410' title='bbox 53 4606 132 4676; x_wconf 79' lang='lat' dir='ltr'><strong>pare,</strong></span> <span class='ocrx_word' id='word_1_411' title='bbox 153 4620 218 4667; x_wconf 82' lang='lat' dir='ltr'><strong>esse</strong></span> <span class='ocrx_word' id='word_1_412' title='bbox 239 4602 373 4665; x_wconf 88' lang='lat' dir='ltr'><strong>dicebat</strong></span> <span class='ocrx_word' id='word_1_413' title='bbox 397 4600 570 4684; x_wconf 70' lang='grc' dir='ltr'><strong>νοσήματα</strong></span> <span class='ocrx_word' id='word_1_414' title='bbox 588 4609 626 4661; x_wconf 78' lang='lat' dir='ltr'><strong>&#39;et</strong></span> <span class='ocrx_word' id='word_1_415' title='bbox 650 4594 916 4682; x_wconf 63' lang='grc' dir='ltr'><strong>ἀρρωστήματα,</strong></span> <span class='ocrx_word' id='word_1_416' title='bbox 943 4610 1025 4674; x_wconf 81' lang='lat' dir='ltr'><strong>quoe</strong></span> <span class='ocrx_word' id='word_1_417' title='bbox 1048 4609 1090 4652; x_wconf 86' lang='lat' dir='ltr'><strong>ex</strong></span> <span class='ocrx_word' id='word_1_418' title='bbox 1114 4583 1365 4670; x_wconf 84' lang='lat' dir='ltr'><strong>perturbationi-</strong></span> 
     </span>
     <span class='ocr_line' id='line_1_46' title="bbox 56 4684 1365 4773; baseline -0.009 -19"><span class='ocrx_word' id='word_1_419' title='bbox 56 4691 102 4754; x_wconf 82' lang='lat' dir='ltr'><strong>hns</strong></span> <span class='ocrx_word' id='word_1_420' title='bbox 118 4697 304 4771; x_wconf 80' lang='lat' dir='ltr'><strong>existerent,</strong></span> <span class='ocrx_word' id='word_1_421' title='bbox 334 4715 405 4757; x_wconf 89' lang='lat' dir='ltr'><strong>cnm</strong></span> <span class='ocrx_word' id='word_1_422' title='bbox 427 4693 661 4757; x_wconf 83' lang='lat' dir='ltr'><strong>inveterassent</strong></span> <span class='ocrx_word' id='word_1_423' title='bbox 681 4690 869 4773; x_wconf 86' lang='lat' dir='ltr'><strong>penitusque</strong></span> <span class='ocrx_word' id='word_1_424' title='bbox 884 4684 1087 4759; x_wconf 86' lang='lat' dir='ltr'><strong>insedissent,</strong></span> <span class='ocrx_word' id='word_1_425' title='bbox 1113 4694 1272 4768; x_wconf 81' lang='lat' dir='ltr'><strong>tamquam</strong></span> <span class='ocrx_word' id='word_1_426' title='bbox 1288 4700 1365 4743; x_wconf 84' lang='lat' dir='ltr'><strong>ava-</strong></span> 
     </span>
    </p>

    <p class='ocr_par' dir='ltr' id='par_1_10' title="bbox 24 4775 1364 4995">
     <span class='ocr_line' id='line_1_47' title="bbox 24 4775 1363 4877; baseline -0.004 -28"><span class='ocrx_word' id='word_1_427' title='bbox 24 4830 26 4859; x_wconf 57' lang='lat'><strong>,</strong></span> <span class='ocrx_word' id='word_1_428' title='bbox 55 4788 155 4865; x_wconf 78' lang='lat' dir='ltr'><strong>sitiam,</strong></span> <span class='ocrx_word' id='word_1_429' title='bbox 179 4792 307 4877; x_wconf 79' lang='lat' dir='ltr'><strong>gloriae</strong></span> <span class='ocrx_word' id='word_1_430' title='bbox 335 4788 556 4872; x_wconf 87' lang='lat' dir='ltr'><strong>cupiditatem,</strong></span> <span class='ocrx_word' id='word_1_431' title='bbox 584 4784 858 4850; x_wconf 88' lang='lat' dir='ltr'><strong>mulierositatem.</strong></span> <span class='ocrx_word' id='word_1_432' title='bbox 910 4777 1078 4844; x_wconf 74' lang='lat' dir='ltr'><strong>Diflbrunt</strong></span> <span class='ocrx_word' id='word_1_433' title='bbox 1105 4789 1209 4841; x_wconf 89' lang='lat' dir='ltr'><strong>autem</strong></span> <span class='ocrx_word' id='word_1_434' title='bbox 1232 4775 1363 4859; x_wconf 79' lang='grc' dir='ltr'><strong>νόσημα</strong></span> 
     </span>
     <span class='ocr_line' id='line_1_48' title="bbox 24 4862 1364 4995; baseline -0.017 -42"><span class='ocrx_word' id='word_1_435' title='bbox 24 4862 26 4995; x_wconf 64' lang='lat' dir='ltr'>l</span> <span class='ocrx_word' id='word_1_436' title='bbox 56 4886 285 4973; x_wconf 66' lang='grc' dir='ltr'><strong>ῑῐᾶρῤόστημα</strong></span> <span class='ocrx_word' id='word_1_437' title='bbox 311 4886 428 4971; x_wconf 76' lang='lat' dir='ltr'><strong>gradu.</strong></span> <span class='ocrx_word' id='word_1_438' title='bbox 452 4880 538 4949; x_wconf 81' lang='lat' dir='ltr'><strong>Euu.</strong></span> <span class='ocrx_word' id='word_1_439' title='bbox 580 4883 657 4958; x_wconf 80' lang='lat' dir='ltr'><strong>,Ex</strong></span> <span class='ocrx_word' id='word_1_440' title='bbox 679 4873 974 4964; x_wconf 79' lang='lat' dir='ltr'><strong>perturbationibus</strong></span> <span class='ocrx_word' id='word_1_441' title='bbox 995 4872 1131 4957; x_wconf 86' lang='lat' dir='ltr'><strong>primum</strong></span> <span class='ocrx_word' id='word_1_442' title='bbox 1158 4868 1269 4935; x_wconf 86' lang='lat' dir='ltr'><strong>morbi</strong></span> <span class='ocrx_word' id='word_1_443' title='bbox 1286 4888 1364 4932; x_wconf 91' lang='lat' dir='ltr'><strong>con·</strong></span> 
     </span>
    </p>
   </div>
   <div class='ocr_carea' id='block_1_3' title="bbox 0 0 1672 5576">
    <p class='ocr_par' dir='ltr' id='par_1_11' title="bbox 0 0 1672 5576">
     <span class='ocr_line' id='line_1_49' title="bbox 0 0 1672 5576; baseline 0 0"><span class='ocrx_word' id='word_1_444' title='bbox 0 0 1672 5576; x_wconf 95' lang='lat' dir='ltr'><strong> </strong></span> 
     </span>
    </p>
   </div>
  </div>
 </body>
</html>
