3220 5572
465 378 828 468 uunexnuomu.
1251 390 1311 455 ιιι

63 523 125 587 ratio
143 521 236 587 nertio
263 522 316 597 iit,
351 521 383 585 in
410 542 505 587 nunni
532 541 759 607 congererem,
797 546 837 589 ne
864 524 949 590 inira
978 529 1019 591 ed
1052 527 1175 594 Fufiam
1205 512 1309 616 legetis

65 620 133 680 rada
147 617 201 680 iere
220 637 295 703 quae
317 616 369 680 hic
389 615 501 680 iterum
523 615 689 683 scribenda
712 631 828 683 essent.

505 819 619 885 Arnus
647 810 788 888 Scurra.

108 978 187 1053 ,Cum
212 979 260 1043 lex
287 977 402 1063 [Aelia
422 978 553 1060 Sentio]
576 978 703 1043 assiduo
727 978 882 1044 uindicem
910 978 1067 1046 assiduum
1094 1005 1163 1049 esse
1187 985 1304 1062 iubeat,

51 1074 188 1155 locupletem
207 1070 288 1135 iubet
309 1072 478 1154 locupleti:
512 1073 654 1155 locuples
678 1072 757 1136 enim
780 1085 828 1137 est
849 1076 1029 1153 occiduus,
1061 1090 1095 1140 ut
1117 1080 1161 1144 ait
1182 1081 1305 1157 Aelius,

49 1160 176 1249 appellat·
195 1169 231 1229 ab
250 1187 328 1229 asse
349 1165 495 1231 doado?
538 1169 625 1249 Top.
649 1167 689 1242 2,
714 1170 766 1230 10.
789 1169 878 1232 conl.
903 1171 1022 1233 Boiith.
1046 1193 1082 1253 p.
1106 1174 1180 1249 tut.

101 1261 261 1325 LexAclio
273 1262 394 1326 Sentio
415 1263 453 1325 de
475 1260 772 1333 uuanumissionibuu
793 1262 869 1325 satis
891 1275 967 1327 uota
989 1275 1037 1327 est
1059 1263 1166 1340 ICtis;
1189 1268 1246 1330 sed
1268 1289 1305 1331 ea

46 1366 78 1416 est
98 1355 233 1417 consulum
262 1376 293 1417 a.
325 1375 355 1420 u.
385 1354 459 1428 156.
492 1356 636 1439 adeoque
669 1367 743 1436 post
775 1358 911 1418 mortem
940 1355 1126 1435 Ciceronis,
1162 1370 1306 1443 tempore
1372 1396 1384 1413 a

43 1447 160 1530 Augusti,
180 1448 246 1511 lata.
290 1448 401 1513 Porro
423 1447 570 1511 consules
591 1447 718 1511 Aelium
735 1460 766 1511 et
782 1449 921 1511 Sentium
944 1454 1099 1533 quendam
1122 1451 1211 1517 simvl
1235 1468 1306 1518 ante

44 1540 131 1622 Topica
150 1542 254 1624 scripta
275 1540 377 1603 fuisse
401 1551 455 1603 ant
474 1551 642 1623 praetores
664 1553 716 1604 aut
737 1542 884 1605 tribunos
905 1544 1006 1625 plebis
1028 1547 1112 1624 (nanu
1135 1557 1167 1609 et
1189 1567 1205 1609 a
1228 1550 1308 1612 dno·

42 1634 82 1695 bus
99 1633 340 1716 tribunis‘plebis
361 1634 450 1719 leges
472 1634 627 1697 nominari
648 1634 702 1697 lex
725 1633 884 1698 Carbonis
906 1648 937 1698 et
960 1637 1080 1699 Siluani
1109 1641 1216 1720 docet)
1243 1662 1307 1705 non

41 1727 182 1807 caprinus.
221 1728 336 1812 Itaque
363 1748 433 1790 cunr
462 1748 479 1788 a
509 1727 693 1801 melioribus
712 1726 823 1793 ‘Codd.
857 1749 971 1792 nomen
994 1731 1086 1793 huius
1109 1732 1188 1815 legis
1210 1735 1304 1810 absit,

41 1840 109 1902 eaque
125 1821 183 1896 lex,
202 1842 282 1906 quae
304 1819 431 1885 assiduo
453 1818 541 1885 iubet
556 1821 714 1884 assiduum
730 1823 885 1887 uindicem
902 1844 987 1901 esse,
1008 1822 1050 1886 sit
1065 1846 1082 1884 c
1096 1827 1181 1890 XII.
1199 1829 1306 1890 Tabb.

42 1914 120 1993 petita,
143 1916 197 1978 hoc
218 1914 298 1999 legis
320 1932 434 1977 nomen
457 1937 522 1979 non
545 1925 651 1997 potest
673 1936 741 1978 esse
763 1937 781 1979 a
804 1913 977 1981 Cicerone.
1023 1914 1235 2000 CorruptIoni
1258 1920 1308 1984 lo-

43 2025 89 2068 cun
109 2009 177 2072 dedit
201 2029 315 2072 nomen
336 2006 440 2086 Aelii,
478 2010 565 2092 quod
586 2007 689 2071 statim
710 2009 886 2076 subiicitur.
930 2011 1011 2073 Nam
1041 2013 1128 2096 quod
1157 2013 1305 2077 Norisius

46 2095 99 2163 Ceu.
111 2101 166 2166 Pis.
184 2100 271 2167 Diss.
294 2102 361 2165 111.
385 2103 417 2166 u.
461 2102 615 2168 Sentium
640 2123 710 2165 esse
735 2113 826 2184 putat
855 2125 873 2166 a
897 2102 1047 2180 librario,
1079 2106 1215 2194 Aeliam
1236 2127 1306 2169 esse

48 2187 247 2271 indutiarum
281 2197 370 2280 mund
396 2196 488 2258 valde
517 2196 661 2277 placebat
689 2195 881 2261 Heineccio:
916 2197 948 2260 id
973 2198 1105 2279 probari
1132 2211 1306 2281 propterea

50 2303 91 2345 rou
103 2299 199 2367 petest,
223 2289 297 2375 quia
320 2291 371 2353 lex
390 2300 638 2355 commemorata
657 2300 706 2352 est
728 2291 781 2353 Iex
796 2311 877 2374 quae
898 2289 1031 2372 proprie
1057 2291 1173 2353 dieitur
1189 2313 1206 2355 e
1220 2293 1304 2355 XII.

49 2376 128 2444 utut.
158 2384 186 2447 I.
210 2384 465 2469 Cannegieterus
489 2385 535 2447 V.
559 2381 601 2447 C.
624 2387 662 2446 de
685 2384 781 2447 Notis
802 2405 837 2464 p.
861 2383 935 2446 316.
958 2394 1077 2459 tentat,
1111 2386 1189 2446 Lex
1210 2384 1306 2465 apud

45 2471 134 2538 Aelim
155 2481 312 2543 Sextum.
355 2479 430 2541 Nou
455 2476 572 2560 placet.
614 2478 698 2541 Eun.
751 2475 849 2542 Cani.
880 2475 1034 2541 OueIIiunn
1065 2477 1106 2538 ad
1136 2474 1304 2540 Ciceronis

43 2562 124 2646 Ttpirt
139 2590 170 2653 p.
191 2573 265 2636 stt.
289 2571 366 2635 edit.
388 2569 531 2635 minoris.

344 2775 502 2841 Aesernia
522 2775 565 2840 cle
585 2795 733 2840 censura
754 2774 949 2839 minuenda.

91 2931 249 3007 ,Dictator
272 2934 401 3012 (iterum
422 2922 727 3009 Mam.'Aemittm
746 2956 785 2998 a.
808 2956 840 2999 ιι.
862 2933 947 3013 320.)
975 2954 1141 2998 censuram
1162 2934 1304 2999 minitere

33 3036 111 3105 perat,
127 3050 177 3093 seu
197 3030 324 3093 nimiam
345 3040 534 3111 potestatem
557 3039 663 3106 ratus,
687 3050 744 3092 acu
765 3049 830 3091 non
853 3039 914 3090 tam
938 3029 1150 3113 magnitudine
1173 3029 1305 3094 honoris

33 3136 96 3196 quam
113 3122 304 3186 diuturnitate
326 3124 479 3187 offensus.
525 3119 687 3187 Contione
708 3121 815 3206 itaque
838 3124 995 3185 advocata
1017 3120 1077 3199 ait,
1101 3121 1183 3186 alios
1204 3121 1304 3204 magi-

31 3218 114 3276 stratus
136 3237 251 3280 annuos
280 3237 365 3290 esse,
397 3215 662 3300 quinquennalem
685 3236 868 3289 censuram
903 3234 1001 3298 grave
1024 3235 1094 3279 ease
1114 3213 1225 3279 iisdem
1248 3235 1307 3297 per

30 3310 64 3364 tut
78 3327 158 3372 anuos
178 3332 292 3394 magna
314 3322 405 3392 parte
428 3310 511 3372 vitae
534 3309 696 3373 obnoxios
718 3308 847 3372 vivere.
882 3329 918 3371 se
946 3308 1049 3393 legem
1079 3309 1233 3383 laturum,
1267 3329 1306 3371 ne

30 3395 77 3471 Iltt
94 3423 173 3483 quam
194 3427 297 3468 aunuua
319 3425 357 3466 ac
379 3402 537 3466 semestris
559 3423 692 3465 censura
715 3413 808 3466 esset.
863 3401 1031 3490 Conseusu
1052 3402 1172 3486 ingenti
1193 3400 1304 3484 populi

32 3484 102 3571 lugan
112 3510 236 3576 postero
255 3497 305 3560 die
319 3497 463 3580 pertulit.
486 3527 528 3539 -
550 3494 710 3560 Censores
732 3494 788 3575 (C.
805 3496 922 3558 Furius
939 3496 991 3558 M.
1009 3496 1185 3579 Geganius)
1207 3517 1304 3580 aegre

33 3584 328 3668 paduanae-cum,
352 3593 440 3675 quod
466 3590 683 3674 magistratum
705 3588 817 3671 populi
840 3588 976 3653 Romani
1006 3589 1183 3663 minuisset,
1218 3591 1305 3651 tribu

37 3690 162 3746 ’uremur
184 3685 443 3769 octuplicatoqne
473 3705 571 3746 censu
599 3684 753 3745 aerarium
775 3680 953 3745 fecerunt.’'
996 3682 1075 3746 Liv.
1099 3684 1163 3747 IV.
1188 3683 1241 3744 uu.
1264 3717 1306 3729 -

40 3768 95 3850 ult·
111 3775 257 3841 Claudius
277 3798 392 3841 censor
413 3781 458 3855 (u.
473 3799 508 3840 u.
524 3777 611 3854 cut.)
633 3775 829 3838 circumactis
851 3776 958 3837 decem
982 3785 1013 3837 et
1035 3786 1110 3839 octo
1134 3768 1322 3845 mensibus,

41 3864 253 3935 &Aemilia
278 3872 351 3957 lege
377 3869 498 3933 finitum
526 3888 676 3932 recurras
701 3866 836 3950 spatium
867 3867 1019 3949 temporis
1048 3877 1133 3942 erat,
1167 3886 1237 3928 cum
1262 3864 1304 3928 C.

40 3946 136 4025 Mu
163 3964 291 4048 collega
318 3963 602 4048 eius‘magistratu
631 3983 664 4026 se
692 3961 886 4037 abdicasset,
921 3960 1007 4023 nulla
1036 3961 1067 4023 vi
1093 3955 1241 4039 compelli
1272 3968 1306 4018 nt

37 4041 150 4118 alliam
176 4060 294 4140 potnit.
338 4060 382 4125 P.
410 4056 618 4139 Sempronius
649 4067 717 4118 erat
745 4055 889 4117 tribunus
918 4051 1038 4134 plebis,
1073 4050 1129 4135 qui
1151 4049 1303 4123 liniendae

33 4155 143 4212 Μίνω
163 4151 243 4216 intra
264 4154 437 4238 legitimum
460 4163 583 4233 tempus
606 4151 760 4213 actionem
787 4157 990 4229 susceperat,
1026 4165 1088 4207 non
1115 4144 1304 4225 popularem

31 4235 102 4331 'mgis
118 4264 205 4325 quam
227 4245 351 4323 iustam,
385 4267 445 4310 nec
464 4246 498 4309 in
521 4247 637 4329 volgus
659 4263 751 4326 quam
775 4241 896 4324 optimo
919 4239 1032 4323 cuique
1054 4239 1247 4322 gratiorem.
1268 4235 1304 4299 'is
1375 4318 1378 4321 Ι

27 4342 79 4389 ‘tn
100 4331 256 4403 identidem
288 4342 392 4424 Iegem
420 4338 605 4405 Aemiliam
633 4336 798 4410 recitaret,
836 4346 1062 4415 auctoremque
1091 4330 1157 4394 eius
1188 4333 1302 4395 Mam.

27 4418 177 4493 Aemilium
190 4432 374 4499 dictatorem
390 4432 536 4496 laudibus
550 4432 666 4506 ferret,
692 4428 746 4513 qui
767 4424 1027 4511 quinquennalem
1050 4435 1120 4487 ante
1142 4443 1304 4487 cenaturum

27 4521 52 4613 ²¹.
65 4513 273 4610 longinquitate
293 4537 486 4613 potestatem
509 4526 720 4589 dominantem
741 4522 826 4586 intra
845 4542 902 4584 aex
924 4538 1063 4581 mensum
1085 4528 1117 4580 et
1138 4516 1209 4580 anni
1228 4536 1303 4578 coe·

28 4621 104 4683 8¹⁸⁵st
121 4616 290 4701 spatium,'’
311 4632 375 4689 eet.
418 4620 497 4685 Liv.
520 4621 586 4687 IX.
609 4610 662 4684 33.
686 4618 738 4685 31.

244 4814 398 4887 &aarum
419 4806 652 4894 sumptuaria.
703 4803 782 4869 viu.
804 4803 1053 4867 Sumeruamas.
