3328 5576
299 380 320 446 2
890 377 1043 444 INDEX

383 514 603 613 ’Λδιαφορ1α,
634 516 890 610 indifferentia,
922 542 993 584 eum
1026 516 1147 595 onmia,
1176 539 1258 604 quae
1286 518 1447 597 accidunt,
1482 519 1551 586 sive
1581 539 1635 584 se·

303 616 405 678 cunda
415 661 429 691 ,
458 613 527 678 sive
554 617 706 692 adversa,
739 614 818 679 nihil
841 616 947 679 valent
968 619 1008 679 ad
1030 613 1166 678 animum
1189 627 1334 679 nostrum
1366 616 1636 680 commovendum

300 706 648 794 (Gteiehgt'a‘ttigkeit).
693 711 836 792 „Neque
858 720 921 772 tam
945 729 994 773 me
1016 704 1203 777 εάελτιιστία
1231 709 1435 785 consolatur,
1469 720 1504 772 ut
1525 719 1637 785 antea,

301 826 396 890 quam
426 803 629 891 ἀδιαφορία,
665 827 727 890 qua
757 804 841 868 nulia
868 804 900 867 in
930 826 967 867 re
993 815 1057 867 tam
1085 815 1180 880 utor,
1216 824 1309 887 quam
1338 803 1463 867 in'hae
1490 801 1578 867 eivili
1606 815 1639 867 et

298 897 463 983 publiea.’'
486 901 525 962 ad
547 900 618 963 Au.
642 900 692 964 ΙΙ.
716 900 774 976 17,
798 899 830 962 2.
854 931 897 944 -
919 896 1006 961 Huie
1039 896 1208 978 (Aristoni
1237 895 1340 973 Chio,
1366 897 1510 961 Zenonis
1538 896 1636 961 disei-

300 996 397 1076 puto)
420 1015 574 1057 summum
598 995 718 1058 bonum
739 1006 805 1069 est,
836 992 869 1057 in
897 991 947 1055 his
967 994 1067 1056 rebus
1099 992 1141 1070 (i.
1165 1014 1196 1056 e.
1220 991 1251 1055 in
1272 994 1369 1055 nehus
1391 991 1523 1069 mediis,
1554 1012 1636 1079 quae

299 1111 359 1153 nee
379 1090 534 1153 honestae
556 1109 615 1153 nee
636 1100 747 1171 turpes
774 1099 847 1152 sunt
868 1108 962 1152 sensu
976 1085 1104 1168 Stoico)
1126 1099 1269 1151 neutram
1290 1088 1324 1151 in
1345 1098 1469 1171 partem
1492 1086 1636 1151 moveri:

261 1195 267 1203 '
299 1206 380 1271 quae
403 1179 589 1277 ἀδιαφορία
611 1186 652 1247 ab
674 1183 746 1267 ipso
769 1181 917 1247 dieitne.''
962 1183 1066 1245 Aead.
1089 1182 1139 1246 ΙΙ.
1163 1180 1220 1258 te,
1246 1182 1320 1246 130.

379 1273 610 1368 Ἀδιάφορον,
642 1276 861 1367 indifferens.
924 1275 1105 1357 „Quoniam
1140 1297 1253 1354 omne,
1289 1278 1377 1363 quod
1410 1288 1458 1341 est
1489 1276 1633 1352 bonum,

299 1372 434 1457 primum
459 1374 564 1439 locum
585 1385 694 1437 tenere
716 1372 867 1436 dicimus:
897 1393 1028 1435 neeesse
1050 1384 1099 1435 est
1120 1393 1179 1434 uee
1200 1374 1319 1436 bonum
1342 1392 1413 1436 esse
1435 1391 1495 1433 uee
1517 1368 1634 1432 malum

298 1469 379 1545 hoe,
409 1471 496 1555 quod
525 1467 741 1551 praepositum
771 1467 824 1531 vel
845 1466 1056 1549 praecipuum
1078 1465 1289 1531 nominamus.
1332 1466 1445 1549 Itaque
1468 1463 1501 1527 id
1523 1461 1637 1526 defini-

298 1585 386 1640 mus,
424 1562 512 1650 quod
539 1562 578 1626 sit
602 1561 785 1627 indifferens
812 1583 882 1624 eum
905 1561 1125 1625 aestimatione
1149 1559 1320 1624 mediocri:
1354 1560 1443 1645 quod
1475 1556 1558 1621 euim
1587 1556 1636 1620 illi

297 1651 487 1747 ἀδιάφορον
516 1658 643 1734 dieunt,
674 1657 721 1721 id·
736 1656 814 1721 mihi
833 1657 877 1721 ita
899 1654 1059 1733 occurrit,
1094 1667 1129 1720 ut
1149 1653 1356 1744 indifferens
1384 1650 1557 1717 dicerem.'’
1594 1653 1636 1715 de

298 1751 393 1818 Finn.
418 1753 483 1819 ΙΙΙ.
509 1753 567 1827 te,
591 1753 646 1818 53.

381 1849 639 1932 Ἀδικαίαρχοι,
671 1846 793 1911 iniusti
819 1844 1061 1928 magistratus.
1123 1845 1205 1909 Vox
1231 1845 1307 1910 ficta
1336 1849 1463 1916 ludendi
1489 1872 1586 1916 eausa
1616 1870 1635 1914 e

298 1940 427 2004 nomine
454 1939 663 2019 Dicaearchi,
696 1961 789 2024 quem
818 1942 947 2005 Atticus
966 1937 1154 2025 'scripserat
1182 1960 1199 2001 a
1227 1961 1262 2004 se
1290 1943 1402 2012 amari.
1449 1945 1636 2027 „Dicaear-

297 2034 391 2098 ehum
421 2045 508 2098 reete
539 2056 638 2100 amas,
688 2037 889 2100 Luculentus
914 2037 1014 2098 homo
1044 2045 1093 2096 est
1119 2045 1151 2099 et
1179 2033 1259 2099 eivis
1287 2038 1373 2102 haud
1399 2042 1496 2124 paulo
1519 2038 1636 2103 melios·

299 2149 394 2213 quam
417 2127 470 2191 isti
493 2127 597 2192 nostri
618 2128 876 2219 ἀδικαίαρχοι.”
902 2131 942 2192 ad
965 2128 1036 2192 An.
1060 2127 1108 2192 ΙΙ.
1133 2128 1192 2204 12,
1217 2132 1249 2193 1.

381 2223 616 2317 Ἀδιόρθωτα,
653 2226 871 2299 incorrecta,
904 2217 1136 2312 imperfecta,
1157 2221 1345 2288 inchoato.
1408 2228 1488 2308 „Tu
1523 2238 1637 2292 autem

298 2320 468 2381 commode
497 2317 634 2393 seceris,
669 2320 695 2383 si
723 2318 868 2406 reliquos
895 2319 953 2397 (de
977 2314 1110 2379 Finibus
1133 2316 1254 2400 libros)
1283 2319 1496 2396 continueris,
1531 2342 1572 2385 ue
1607 2335 1639 2386 et

303 2413 495 2500 ἀδιόρθωτα
523 2414 639 2477 haheat
667 2415 789 2478 Balbus
820 2426 853 2479 et
874 2414 963 2481 ἕωλα
992 2410 1149 2474 Brutus.”
1192 2417 1232 2477 ad
1257 2416 1330 2479 An.
1364 2416 1467 2481 xtlt.
1501 2414 1562 2493 21,
1601 2420 1634 2481 t.

301 2506 401 2573 Coni.
436 2507 496 2582 22,
532 2509 573 2572 3:
611 2510 786 2592 „nolebam
820 2520 874 2573 aut
906 2510 1096 2575 obsoletum
1129 2509 1233 2577 Bruto
1268 2523 1323 2575 aut
1354 2511 1460 2577 Balbo
1492 2512 1635 2577 inchoa-

201 2682 203 2685 ·
297 2613 372 2667 tum
394 2601 502 2666 dari.'’

381 2697 598 2777 Ἀδόλεσχος,
626 2699 723 2762 ualde
743 2702 893 2785 loquax,
926 2704 1107 2786 garrulas.
1162 2700 1285 2780 „Quod
1317 2698 1456 2776 vereris,
1488 2723 1530 2764 ne
1552 2701 1629 2768 ἀὸό·

301 2798 416 2870 λεοχος
438 2793 513 2853 mihi
535 2804 588 2853 tu:
613 2792 684 2874 quis
707 2792 854 2856 minus?”
875 2797 917 2873 ad
939 2799 1012 2859 An.
1034 2794 1135 2860 XVI.
1161 2796 1219 2866 11,
1245 2792 1279 2855 2.
1347 2830 1351 2837 ·

383 2884 587 2961 Ἀδύνατον,
613 2885 707 2970 qnod
722 2885 814 2963 fieri
838 2907 907 2951 non
925 2900 1054 2971 potest.
1105 2887 1295 2968 „Thermus
1326 2907 1397 2949 eum
1422 2887 1532 2955 Silano
1556 2912 1635 2955 eou-

300 2980 432 3042 tendene
461 2978 677 3054 existimatum
702 2979 755 3061 qui
778 2981 827 3043 sie
847 2979 961 3063 inopes
985 2995 1016 3044 et
1040 2984 1080 3045 ab
1103 2979 1210 3044 amieis
1234 2993 1265 3044 et
1287 2981 1519 3047 existimatione
1540 2998 1633 3060 sunt,

301 3086 336 3136 ut
358 3072 433 3136 mihi
457 3074 602 3136 videatur
618 3095 682 3138 non
698 3094 766 3136 esse
781 3074 947 3140 ἀδύνατον
962 3072 1095 3139 Curium
1119 3074 1322 3139 ohdueeee.''
1367 3081 1406 3139 ad
1421 3080 1492 3142 Att.
1506 3079 1533 3141 1.
1550 3082 1581 3150 1,
1600 3079 1636 3140 2.

384 3166 672 3256 Ἀδωροδόκητος,
702 3168 838 3253 integer
859 3182 892 3233 et
921 3172 1146 3254 incorruptus
1171 3193 1195 3235 α
1221 3172 1422 3257 largitione.
1474 3170 1640 3255 „Insidia-

299 3263 427 3327 tonihus
455 3265 522 3327 eius
553 3263 737 3351 ἀπρόσιτον
765 3286 831 3338 me,
861 3286 926 3330 non
955 3267 1050 3330 modo
1078 3268 1345 3356 ἀδωροδόκητον,
1375 3266 1550 3351 praebui.”
1597 3270 1637 3331 ad

303 3358 664 3533 Ali-‚quffoiitkijoh
697 3454 772 3518 aine
800 3454 942 3520 invidia.
995 3458 1281 3540 ,Ἀζηλοτόπητον
1307 3460 1339 3524 id
1367 3458 1440 3524 iore
1467 3468 1634 3541 putaram,

303 3550 390 3633 qnod
413 3568 522 3611 omnes
545 3547 589 3610 1111
613 3550 828 3613 decesserant.
839 3549 858 3574 ’'
902 3554 942 3613 ad
964 3552 1035 3616 nu.
1059 3553 1161 3617 xttl.
1185 3556 1245 3630 19,
1269 3557 1302 3619 lt.

386 3643 580 3726 Ἀδαμβία,
605 3643 743 3706 animus
763 3654 898 3710 terrore
920 3644 1018 3712 tiber.
1041 3647 1173 3730 „Quam
1197 3650 1340 3727 (beatam
1358 3646 1470 3727 vitam)
1493 3646 1520 3711 si
1538 3645 1635 3712 etism

303 3735 335 3802 in
359 3757 468 3800 nerum
491 3736 675 3822 cognitione
697 3741 855 3821 ponebat,
880 3752 982 3804 tamen
999 3763 1041 3804 ex
1062 3743 1114 3805 itta
1136 3743 1385 3827 investigatione
1407 3753 1635 3806 naturaei-ou·

305 3853 395 3915 sequi
419 3832 564 3906 volebat,
599 3833 687 3897 bono
711 3844 746 3895 ut
767 3837 988 3905 essetanimo.
1041 3837 1122 3901 Ideo
1145 3836 1227 3900 enim
1249 3837 1302 3902 itte
1330 3859 1484 3901 summum
1513 3839 1636 3902 bonum

209 3930 223 3955 ·’
304 3929 464 4086 Ξῦθρῗριαν
482 3939 517 4085 {i
538 3930 830 4086 οὲρροὸρῖθαμβίαν
842 3932 1010 4037 appellat,
1034 3930 1066 3994 iu
1079 3943 1144 4010 est,
1169 3935 1304 3996 animum
1321 3945 1446 3998 temone
1460 3929 1635 3995 liberum.''

327 4045 344 4086 e
397 4044 461 4086 mn.
519 4065 528 4085 .
603 4067 612 4093 ‚
682 4067 692 4087 .

378 4116 517 4194 ”Aison
541 4116 602 4202 ραί
621 4117 705 4182 deos
724 4140 799 4185 esse
820 4132 944 4204 negot,
973 4123 1105 4186 atheos.
1157 4121 1297 4205 „Qutdt
1323 4122 1506 4206 magones,
1538 4121 1638 4197 ἄθεος

306 4208 361 4295 qui
391 4213 493 4274 dietus
516 4224 581 4287 est,
610 4225 790 4299 posteaque
813 4216 1026 4292 Theodorus,
1059 4238 1166 4281 noune
1194 4231 1302 4298 aperte
1332 4216 1464 4283 deorum
1493 4228 1639 4279 naturam

305 4304 555 4370 sustulemut?'’
579 4307 617 4368 de
641 4306 717 4370 Nat.
740 4308 846 4374 Deos.
869 4310 900 4374 Ι.
924 4310 984 4385 23,
1010 4310 1064 4375 63.
1091 4343 1133 4355 -·
1156 4312 1345 4398 „Diagoras
1354 4357 1364 4391 ,
1388 4312 1488 4389 ἄθεος
1505 4309 1561 4374 iile
1584 4308 1657 4397 qui

306 4401 460 4468 dieitue.'’
504 4404 542 4464 de
568 4404 644 4467 Nat.
667 4404 773 4470 Deon.
796 4405 870 4481 111,
895 4405 951 4480 37,
977 4406 1031 4471 89.

385 4496 581 4577 Ἀθότηστς,
605 4497 832 4583 improbatio,
862 4500 1017 4565 reiectio.
1061 4501 1266 4584 ,Ἀθέτηστς
1286 4502 1350 4567 ista
1370 4501 1449 4566 mihi
1469 4512 1539 4577 tua,
1570 4520 1641 4565 uon

304 4593 407 4673 ἐτιοχὴ
428 4590 632 4656 νίόοοαῑια.”
677 4594 716 4655 ad
739 4593 810 4657 An.
833 4594 898 4657 vt.
923 4597 959 4670 9,
984 4595 1017 4659 3.
1653 4636 1656 4677 ,

385 4688 591 4767 Ἀθηναίων,
618 4686 902 4765 Atheniensium,
934 4688 1012 4775 scil..
1030 4697 1197 4765 πολιτεία.
1224 4689 1445 4776 respublica,
1470 4689 1556 4754 libet·
1577 4688 1656 4773 Iti-3

74 4762 78 4779 '
182 4828 186 4837 .
303 4781 459 4847 eaeaeehi.
503 4785 721 4869 ,Κορινθίων
734 4792 768 4845 et
781 4783 971 4864 Ἀθηναίων
991 4797 1071 4869 puto
1094 4808 1144 4850 tue
1166 4788 1290 4853 Romae
1311 4783 1474 4850 habere.”
1497 4785 1539 4847 ael
1561 4782 1655 4873 ΑΜ

320 4876 393 4941 tt
438 4876 472 4940 2.

301 4875 316 4942 1
385 4921 432 5040 fit
455 4971 521 5079 γάρ
547 4976 611 5042 τόν
632 4973 798 5062 τυράννων
825 4973 967 5058 δεήσεις,
994 4974 1098 5062 iuquit
1127 4976 1292 5059 Πλάτων,
1326 4974 1411 5044 oloh'
1437 4973 1490 5042 ὅτι
1512 4920 1655 5063 ,uem-i
