3220 5572
459 391 609 465 tnoax
630 390 812 461 noenu.
1235 390 1299 463 sss
1333 468 1336 483 ,
1402 450 1406 467 ,

541 554 723 628 'Cunarum

105 725 241 808 ,bdiqoss
263 722 347 788 illins
371 720 442 786 anni
468 733 573 805 pestes
596 707 828 786 recordamini:
851 721 958 807 legum
983 684 1207 784 multitudinem
1228 744 1298 787 enm

51 842 131 897 satu,
155 840 225 904 qnae
244 819 325 882 latre
346 828 437 893 sunt,
472 814 538 880 tum
561 837 657 892 vero,
691 837 773 902 qnae
793 816 1016 900 promulgatae
1036 814 1175 882 luet-rtet.
1218 818 1299 882 Nam
1424 882 1429 909 Ι

48 913 211 998 meandros
235 925 310 977 sont
335 910 520 1001 oonsulibus
549 910 609 977 illis
637 910 773 990 (Pisone
795 922 829 979 st
849 909 1003 989 Gabinio)
1024 910 1298 993 approbantibus:

46 1005 187 1072 ιιιιιιοιίι
207 1006 340 1071 ratioet
361 1004 583 1092 gravinianum
605 1000 754 1069 iudieitnb
771 1002 961 1069 sanctissimi
980 1002 1184 1088 magistratus
1201 1006 1242 1068 de
1264 1026 1301 1069 re

40 1101 127 1185 pallies
149 1101 321 1176 tolleretnr3
355 1112 389 1164 nt
417 1099 554 1185 eollegia
583 1120 648 1167 non
681 1102 777 1165 modo
801 1099 856 1165 illa
871 1130 876 1139 ·
891 1109 1001 1167 vetera
1028 1109 1139 1163 contra
1173 1110 1301 1164 senatus

37 1196 166 1259 multum
185 1195 441 1268 restituerentur,
465 1198 521 1267 sed
540 1196 581 1258 ab
603 1214 669 1265 nno
689 1194 866 1279 gladiatore
880 1190 1120 1261 innumerabilia
1142 1192 1201 1256 alia
1213 1212 1302 1260 nora

34 1289 273 1364 ωιιιιῖιιιιυιιιις
297 1302 331 1353 nt
355 1289 492 1354 remissis
517 1288 701 1355 semissibus
728 1300 760 1352 et
781 1287 951 1353 trientibus
975 1285 1082 1374 quinta
1102 1304 1204 1370 prope
1226 1310 1300 1372 pars

32 1383 186 1467 rmigalintn
207 1384 392 1467 tolleretur3
422 1394 458 1448 ut
483 1381 622 1448 Gabinio
648 1404 709 1465 pro
736 1382 787 1446 illa
809 1404 866 1447 sna
892 1381 1024 1456 Cilicia,
1049 1400 1144 1463 quam
1171 1381 1249 1455 sibi,
1274 1383 1303 1449 ei

31 1500 76 1540 reu
87 1479 218 1561 publicam
231 1478 438 1562 prodidisset,
454 1489 566 1561 pactus
581 1490 661 1553 erat,
678 1476 769 1559 Syria
785 1475 950 1542 daretur?
973 1496 1037 1559 pro
1054 1474 1159 1540 Sestio
1174 1477 1227 1551 at,
1246 1479 1304 1544 5⁵.

28 1610 57 1624 -
70 1572 131 1647 ,llis
143 1572 342 1637 lnudamentis
364 1570 476 1656 positis
498 1571 681 1643 consulatus
704 1571 769 1648 tui',
794 1572 902 1637 triduo
919 1582 993 1653 post
1013 1570 1209 1651 inspectante
1224 1584 1255 1637 te
1269 1585 1303 1637 et

28 1676 127 1744 tanente,
143 1668 225 1750 atr.
241 1664 378 1748 Clodio]
396 1665 484 1730 fatali
498 1675 651 1749 portento
670 1666 884 1752 prodigioque
905 1664 954 1729 rei
975 1662 1121 1747 publicae
1134 1663 1187 1728 lex
1209 1666 1303 1731 Aelia
1373 1698 1374 1703 ¹
1413 1700 1422 1709 ·

28 1760 253 1841 rtlnbasrersa
275 1772 342 1837 est;
373 1759 530 1843 collegia,
559 1780 625 1853 αμα
651 1762 834 1835 sasolum,
858 1781 941 1847 quae
967 1768 1095 1823 senatus
1118 1761 1300 1836 sustulerat,
1385 1798 1392 1811 ι

28 1854 146 1932 restituta,
174 1857 227 1921 sed
251 1855 496 1920 innumerabilia
521 1857 674 1940 quasdam
696 1876 738 1919 ex
763 1855 850 1922 omni
878 1856 971 1920 fasee
995 1857 1084 1922 tarbis
1106 1871 1143 1914 se
1168 1854 1304 1921 servitio

29 1950 153 2014 maante.
188 1952 241 2015 Ab
269 1951 385 2014 eodem
416 1948 543 2014 bomine
571 1949 602 2014 io
630 1950 750 2033 stupris
780 1949 928 2016 inauditis
949 1950 1146 2037 nefariisque
1172 1961 1304 2014 versato
1382 2030 1387 2041 ,

31 2054 90 2107 utus
113 2043 156 2108 rlla
181 2045 334 2131 magistra
361 2043 495 2126 pudoris
524 2055 558 2108 et
585 2044 780 2121 modestiae,
807 2065 962 2123 oensura,
994 2048 1117 2112 sublata
1146 2042 1229 2110 sst.”
1271 2042 1304 2108 in

34 2134 107 2200 lius
124 2139 156 2213 l,
177 2139 207 2202 9.
1163 2166 1165 2171 ’

89 2230 232 2309 ,lliximus
254 2233 301 2296 L.
326 2232 445 2299 Pisone
467 2241 500 2293 et
521 2232 565 2296 Α.
589 2232 729 2298 Gabinio
754 2254 842 2301 coss.
865 2236 908 2315 (a.
926 2233 1067 2317 nsblli.)
1089 2239 1130 2303 Ρ.
1148 2232 1304 2302 Clodium

38 2320 140 2387 ttbmsn
165 2327 265 2408 plebis
301 2337 456 2411 quattuor
484 2325 573 2411 leges
605 2328 801 2408 perniciosas
835 2327 960 2411 populo
989 2330 1139 2394 Romano
1172 2327 1302 2392 tulisse:

37 2420 220 2497 ttmnionorn,
244 2424 286 2486 de
311 2441 372 2505 qna
395 2418 516 2485 Cicero
538 2420 727 2486 mentionem
753 2423 816 2487 lton
838 2423 914 2486 loeo
934 2443 999 2487 nou
1025 2422 1103 2487 facit
1125 2423 1199 2505 (luit
1221 2422 1304 2486 enim

35 2528 113 2576 mae
129 2517 319 2598 pepuleris),
340 2526 380 2579 ut
389 2510 620 2605 frumentum
642 2517 791 2599 populo,
816 2515 905 2601 quod
929 2528 1018 2579 antea
1042 2516 1137 2580 semis
1161 2514 1241 2579 seris
1267 2526 1332 2578 ιο·

34 2600 188 2673 ltlttbbasin
202 2609 350 2697 singulos
369 2609 493 2672 modios
508 2609 661 2686 dabatur,
684 2611 799 2694 gratis
814 2610 974 2681 daretur,-
996 2610 1146 2686 alteram,
1171 2630 1213 2674 ne
1227 2609 1305 2695 puis

33 2714 76 2775 ptr
93 2703 243 2782 medies,
278 2704 404 2790 quibus
432 2723 511 2770 enm
531 2705 661 2786 populo
688 2704 751 2788 agi
775 2705 908 2779 lieeret,
941 2703 983 2767 de
1010 2713 1107 2774 eaelo
1128 2715 1303 2781 sar-noret,

38 2802 225 2882 mquam
251 2799 458 2884 rogationem
483 2804 527 2867 ait
550 2799 653 2882 legam
680 2798 803 2865 Fufiam
831 2810 862 2863 et
887 2798 1030 2875 Aeliana,
1061 2798 1305 2884 propugnacula

40 2890 146 2954 Μαι
168 2894 408 2980 tranquillitatis
432 2909 529 2982 atque
557 2895 631 2973 otii,
663 2914 808 2959 eversam
847 2914 934 2957 esse:
974 2892 1174 2958 abstinueris
1204 2893 1304 2971 enim,
1362 2966 1365 2973 ¹

40 2987 241 3059 tumoribus
257 2988 385 3073 legibus
399 2985 622 3066 resistebatur,
647 3010 740 3073 utram
759 2988 851 3053 Aelia
872 2987 925 3050 lex
949 2986 1213 3064 confirmaverat,
1236 2999 1306 3052 erat

36 3069 130 3174 {flatu
147 3083 267 3146 tertiam
295 3082 339 3147 tle
360 3085 515 3170 collegiis
533 3083 756 3151 restituendis
775 3083 938 3166 nonisque
960 3079 1199 3156 instituendis,
1224 3102 1308 3165 quae

34 3175 319 3241 desaevituram
345 3177 435 3243 lases
467 3178 659 3254 constituta3
695 3187 857 3261 quartam,
892 3196 935 3240 ns
961 3196 1062 3261 quem
1086 3193 1246 3237 censores
1270 3172 1317 3238 in

31 3274 116 3326 mn
128 3268 263 3354 legendo
281 3274 516 3355 praeterirent
537 3295 617 3338 nens
638 3293 708 3357 pun
722 3271 917 3354 ignominia
936 3269 1135 3360 efficerent,
1159 3268 1228 3332 nisi
1247 3270 1307 3357 qui

30 3353 95 3433 “llll
108 3381 156 3433 tot
172 3376 357 3429 οιοαιαιαι
377 3378 411 3433 et
431 3368 611 3453 utriusque
631 3365 785 3430 sensoria
806 3366 978 3429 sententia
992 3364 1178 3427 domnolus
1198 3373 1308 3429 ssssta

33 3438 72 3505 lu
85 3468 147 3536 ergo
165 3458 227 3522 eius
249 3460 325 3544 lege
347 3481 530 3537 censuram,
561 3481 641 3545 qnae
663 3458 813 3544 magistra
835 3459 966 3550 pudoris
989 3469 1020 3521 et
1043 3454 1216 3523 modestiae
1238 3469 1305 3535 est,

35 3540 140 3608 ”littam
158 3550 230 3616 ait.''
275 3554 402 3618 Αιαοο.
424 3554 457 3618 in
480 3555 595 3620 Pison.
617 3578 651 3640 p.
674 3556 706 3620 9.
728 3587 771 3601 -··
788 3548 827 3619 ‘O
842 3551 902 3620 otiu
920 3546 1072 3629 Κλώδιος
1089 3545 1195 3616 τόντε
1214 3556 1306 3618 σῖτον

38 3640 115 3747 ἰῦᾶρ
130 3630 228 3724 αὖθις
247 3649 405 3731 διένειμε·
431 3646 487 3732 (τὸ
505 3647 570 3735 γὰρ
587 3651 787 3738 μετρεῖσθαι
806 3653 875 3725 τοῖς
893 3641 1034 3734 ἀπόροις
1054 3643 1113 3717 ,τοῦ
1130 3666 1164 3708 τι
1186 3645 1308 3710 Penni·-

40 3734 142 3837 Ἤδη
165 3745 223 3807 και
247 3741 309 3807 τοῦ
330 3744 482 3821 Πιοωνος
502 3737 730 3810 ὑπατευόντων
755 3735 941 3825 ἐπαμήσατο
950 3740 979 3822 ·)
1010 3742 1065 3805 sni
1091 3732 1138 3819 τά1
1159 3734 1310 3827 leutpranni

42 3818 143 3909 *loto
160 3834 335 3925 ἐπιχωρίως
355 3832 558 3921 καλούμενα,
588 3832 669 3903 ὄντα
688 3842 749 3921 μὲν
768 3836 804 3901 ἐκ
828 3834 886 3901 τοῦ
908 3829 1048 3921 ἀρχαίου
1069 3836 1310 3901 καταλυθέντα

43 3904 158 4003 llnitor
180 3920 272 4010 τινά,
301 3924 519 3997 ἀνενεώσατο·
553 3934 623 4008 τοῖς
648 3952 682 3995 τι
705 3932 856 4012 τιμηταῖς
875 3922 1097 4041 ἀπηγρριυοε,
1123 3924 1195 4018 μήτ’
1222 3924 1309 3995 ninu-

13 4056 15 4063 >
41 3998 259 4105 ²34⁸&er
274 4026 388 4103 τέλους
407 4018 479 4105 μήτ’
496 4017 664 4109 ἀτιμάζειν
682 4024 825 4108 μηδένα,
843 4026 943 4109 χωρὶς
962 4022 1033 4102 let
1041 4048 1092 4104 τις
1107 4026 1176 4116 παρ’
1197 4019 1310 4133 cippo-¹

13 4150 15 4157 >
39 4112 108 4185 ''trt
128 4116 215 4230 σρὲρι
241 4120 375 4206 κριθεὶς
397 4112 509 4200 ἀλοῖη.
539 4148 580 4163 -
599 4148 642 4164 -
663 4146 705 4163 -
726 4111 873 4201 ἐσήνεγκι
897 4117 1023 4201 μηδένα
1054 4121 1118 4187 τῶν
1142 4116 1310 4207 ἀρχοντων

34 4182 122 4307 {vnn
141 4232 290 4299 usupare,
318 4213 352 4279 in
373 4204 427 4290 αἷς
446 4212 676 4305 ψηφίσασθαί
697 4234 729 4276 τι
755 4206 814 4276 τὸν
838 4210 943 4295 δῆμον
964 4206 1146 4294 ἀναγκαῖον
1165 4214 1232 4294 εἴη,
1247 4239 1249 4243 ’
1267 4208 1311 4279 τά

33 4300 57 4346 ‘¹
70 4310 113 4361 ‘w
128 4296 263 4388 οὐρανοῦ
282 4302 439 4394 γινόμενα
456 4310 666 4396 παρατηρεῖν.
708 4303 775 4372 bio
799 4302 929 4370 Cassius
950 4306 1159 4373 xxxvttt.
1184 4308 1238 4373 ts.

157 4458 287 4530 Cnonta
296 4464 560 4558 fiumentarin.

93 4576 186 4655 abate
204 4588 330 4671 quidem
352 4591 521 4654 Graenbus
540 4588 646 4675 legem
668 4587 804 4664 tulerat,
827 4599 862 4653 ut
886 4591 1025 4674 populus
1048 4611 1112 4673 pro
1133 4590 1309 4665 frumento,

35 4665 164 4769 milli
184 4682 307 4760 publiea
333 4686 479 4761 daretur,
512 4682 543 4746 in
569 4681 715 4767 singulos
740 4682 865 4748 modios
889 4705 983 4750 senos
1013 4684 1096 4748 aeris
1122 4697 1156 4749 et
1179 4685 1310 4749 trientes

36 4764 222 4837 lllltrnnioe
239 4777 442 4843 exsolveret.
465 4779 521 4840 sed
540 4775 591 4840 bie
606 4797 690 4841 anno
709 4797 769 4840 sno
786 4780 822 4844 tt
838 4776 1077 4843 frumentariam
1099 4779 1204 4863 legem
1222 4777 1308 4854 tulit,

38 4852 63 4902 Μ
78 4861 206 4933 truteno
222 4872 371 4958 populus
391 4871 596 4959 deciperet.”
641 4869 753 4934 Sebol.
775 4871 861 4937 Bnb.
881 4891 947 4955 pro
967 4872 1072 4938 Sestio
1093 4895 1129 4959 p.
1152 4872 1226 4939 tot.
1255 4868 1310 4935 (Ξῖ.
