3338 5584
435 368 464 445 ,’
514 352 667 447 luoe'x
687 368 1041 446 neumnensium.
1379 370 1440 447 los

200 522 433 608 obsignare
455 520 631 585 tabellas
653 516 834 583 clientis.
871 522 910 585 do
933 521 1029 586 Orat.
1053 522 1088 598 1,
1112 519 1171 599 38,
1196 522 1269 586 171.

195 618 428 703 obsignare
449 627 746 680 testamentum.
782 636 843 697 pro
867 614 994 679 Milone
1018 618 1076 693 18,
1100 618 1153 680 18.

194 712 456 797 obsignator
478 711 664 775 tabellarum
687 708 896 792 quaestionis.
929 730 992 792 pro
1016 707 1166 776 Cluentio
1189 710 1248 788 66,
1273 711 1346 774 186.

193 805 423 873 Ohtesteri.
467 806 534 871 Per
559 820 669 868 omnes
697 806 775 866 deos
802 813 834 865 te
864 804 1066 868 obtestor.
1103 806 1143 867 ad
1164 804 1238 870 Au.
1261 807 1318 883 11,
1341 804 1379 883 2,
1403 806 1435 870 2.

196 901 429 967 obtestatio
453 898 573 983 legis.
607 918 668 980 pro
691 897 797 960 Balbo
820 897 876 972 11,
902 897 956 960 33.

194 1090 364 1158 Obtinet
385 1100 519 1172 praetor
540 1084 809 1169 provinciam.
845 1106 907 1167 pro
931 1086 1044 1151 Caelio
1068 1088 1183 1164 1,10.

197 1181 649 1253 Occidioneoccidcre.
680 1178 824 1261 Philipp.
847 1181 906 1254 11,
931 1182 988 1257 11,
1012 1181 1066 1245 36.
1440 1263 1441 1267 ¹

198 1277 365 1359 Octuplr
389 1274 582 1340 damnari
619 1276 724 1339 Vere.
747 1274 926 1349 Accus.,d
953 1275 1011 1352 11,
1036 1276 1165 1340 28.-
1201 1277 1436 1410 Qusdrnplo

90 1371 383 1442 condemnari.
422 1370 508 1435 Ibid
533 1370 592 1444 13,
616 1369 670 1433 31.

196 1468 300 1533 Oino
330 1466 432 1531 hunc
459 1462 663 1547 ploirume
692 1461 926 1527 cosentiout
956 1466 1098 1546 gentes
1127 1414 1268 1547 populi
1296 1465 1437 1547 prima·

100 1563 301 1630 rioluise
324 1559 425 1623 viro.
469 1555 1022 1643 ElogiummonumentiM.Attilii
1044 1554 1193 1622 Calatini.
1216 1560 1255 1621 de
1278 1559 1374 1624 Finn.
1398 1562 1436 1637 2,
1508 1557 1521 1577 “

98 1658 272 1737 36,116.
318 1654 403 1722 Cato
428 1655 559 1733 17,61.

198 1755 332 1819 Omen.
378 1747 586 1814 Ominibus
618 1745 785 1829 optimis
812 1745 1013 1831 prosequi
1039 1746 1188 1831 aliquem.
1222 1750 1263 1812 ed
1284 1752 1375 1814 Fam.
1399 1751 1436 1828 3,

102 1849 171 1926 12,
196 1848 228 1911 2.
251 1877 294 1890 -
316 1843 569 1909 Proficiscentur
590 1842 689 1926 legati
712 1841 873 1924 optimis
901 1839 1111 1906 ominibus.
1148 1841 1292 1924 Philipp.
1317 1844 1374 1918 12,
1398 1844 1438 1916 8,

103 1944 165 2007 19.
187 1976 230 1990 -
255 1938 433 2020 Accipio
455 1958 582 2003 omen.
606 1938 645 1998 de
666 1935 778 2000 Dicin.
803 1938 841 2010 1,
866 1930 925 2010 16,
951 1936 1025 1999 103.
1047 1970 1089 1982 -
1112 1936 1226 2017 Quod
1247 1937 1304 2001 dii
1327 1958 1439 2001 omen

107 2037 321 2101 avertant!
353 2031 546 2098 Pseudocic.
571 2032 610 2093 ad
633 2030 729 2094 Brut.
755 2028 811 2112 10.
841 2028 933 2109 (Liv.
960 2029 1113 2111 28,11.)
1144 2060 1186 2073 ·-
1220 2024 1331 2111 Quod
1354 2032 1441 2113 lup·

107 2129 218 2213 piter
240 2149 353 2194 omen
377 2128 554 2190 avertat!
578 2122 772 2189 Pseudocic.
796 2127 836 2186 sd
851 2125 946 2187 Brut.
965 2125 1016 2191 12.
1060 2125 1145 2189 Vide
1161 2126 1380 2188 Avertere.
1397 2154 1438 2167 -

109 2223 180 2291 Dii
200 2232 490 2287 averruncent.
514 2220 554 2281 nd
575 2221 648 2283 Au.
672 2221 710 2292 9,
734 2219 766 2282 2.
782 2219 856 2294 -Α.,
882 2222 913 2281 1.
936 2250 977 2263 -
1000 2219 1088 2283 Nolo
1114 2217 1245 2304 gravius
1266 2217 1438 2302 quidquam

109 2315 158 2382 n‘e
179 2316 323 2381 ominis
345 2314 503 2401 quidem
526 2332 642 2377 causa
665 2311 785 2375 dicere.
821 2332 884 2394 pro
906 2316 942 2376 S.
967 2312 1092 2377 Roscio
1114 2316 1191 2377 Am.
1216 2311 1275 2388 18,
1301 2313 1374 2378 130.
1396 2344 1438 2363 ··-

109 2412 198 2476 Vide
219 2410 398 2493 Accipio
421 2428 546 2472 omen.
569 2436 610 2452 -
633 2407 778 2471 Bonum
802 2427 960 2471 nomen.

196 2505 392 2570 Omnibus
423 2502 598 2586 quidque
629 2499 767 2564 verbis
795 2510 923 2564 actum
951 2500 1344 2585 pronuntiatumquc
1370 2499 1434 2565 sit.

106 2621 174 2685 pro
196 2598 337 2665 Caecina
359 2600 419 2674 27,
446 2597 498 2661 79.

198 2693 283 2776 Ope
305 2691 565 2773 consilioque
587 2700 658 2752 tuo
680 2687 830 2753 lurtum
852 2688 917 2754 aio
939 2688 1089 2753 loetum
1118 2709 1224 2766 esse,
1254 2686 1288 2753 in
1313 2687 1437 2753 notione

111 2787 204 2852 lorti.
237 2790 276 2850 de
298 2789 343 2851 N.
366 2786 411 2852 D.
436 2785 474 2860 3,
498 2784 634 2867 3⁰..st

202 2879 372 2963 Operae.
416 2878 462 2944 ln
484 2899 628 2959 operas
650 2875 865 2962 (societatum)
886 2876 1030 2945 homines
1056 2876 1193 2943 mittere.
1218 2900 1281 2962 pro
1302 2876 1437 2944 Plancio

118 2975 177 3050 19,
201 2976 251 3037 17.
273 3005 314 3018 -—
344 2975 383 3039 lu
406 2972 543 3056 operis
565 2972 729 3040 societatis
751 2994 834 3036 esse.
868 2975 909 3036 sd
930 2973 1021 3036 Fam.
1046 2970 1105 3050 13,
1131 2973 1170 3051 9,
1193 2975 1227 3038 3.

199 3070 331 3151 Opera
352 3068 456 3134 lorti
478 3066 691 3152 fidelique.
729 3068 922 3144 Praetores,
946 3070 1036 3151 quod
1055 3088 1166 3133 eorum
1188 3087 1309 3153 opens
1331 3065 1438 3131 lorti

106 3161 316 3247 fidelique
345 3185 419 3227 usus
445 3183 563 3238 essem,
596 3162 710 3227 merito
736 3183 773 3226 oc
796 3162 865 3225 iure
889 3161 1068 3226 laudantur.
1097 3161 1136 3225 in
1158 3162 1234 3229 Cet.
1257 3163 1293 3239 3,
1318 3163 1357 3236 6,
1383 3162 1435 3225 11.

106 3254 150 3319 ln
171 3258 210 3321 S.
230 3254 273 3322 C.
297 3259 427 3323 Grseco
449 3259 535 3340 apud
568 3256 664 3321 Gnut.
688 3280 723 3342 p.
747 3256 855 3323 DlII:
885 3251 1063 3333 τούτους
1085 3257 1288 3344 ἐργασίαν
1314 3256 1439 3323 ἔσαν-

103 3353 213 3438 δρον
238 3357 309 3418 καὶ
339 3353 480 3418 πίστιν
510 3356 601 3431 τοῖς
622 3353 840 3438 δημοσίοις
860 3346 1103 3441 πράγμασιν
1130 3357 1200 3430 τοῖς
1227 3346 1439 3439 ἡμετέροις

101 3448 415 3534 παρεσχηκέναι.

194 3539 370 3624 Operam
404 3543 512 3605 dere.
565 3542 618 3606 Μ.
646 3540 817 3616 Petilium,
851 3561 944 3623 quem
973 3540 1069 3607 hebet
1096 3539 1130 3603 in
1157 3538 1314 3618 consilio,
1348 3539 1438 3603 iubet

107 3654 278 3717 opernm
308 3637 419 3713 dare,
446 3637 556 3722 quod
584 3635 647 3700 rei
675 3636 864 3720 privatae
886 3635 1007 3699 iudex
1028 3647 1145 3699 esset.
1188 3637 1291 3699 Verr.
1314 3635 1435 3699 Aecus.

108 3727 150 3804 2,
175 3728 234 3802 29,
260 3730 312 3795 71.
412 3786 418 3797 ,
844 3756 847 3765 r

197 3823 358 3904 Operas
382 3826 478 3888 dore
500 3824 650 3907 inportu
672 3821 853 3904 Syracusis.
882 3822 983 3887 Vere.
1007 3822 1129 3888 Acone.
1152 3822 1189 3899 2,
1213 3822 1271 3901 70,
1297 3822 1371 3901 171.

197 3916 352 4001 Operta
375 3920 599 4002 Apollinis.
629 3920 668 3982 de
689 3918 768 3983 niv.
793 3925 828 3993 1,
853 3917 913 3993 60,
938 3918 1012 3981 116.

197 4010 361 4095 Optima
394 4012 496 4097 lege.
539 4015 622 4077 Tum
649 4011 674 4076 ii
705 4010 875 4077 decemviri
902 4013 1014 4076 eodem
1045 4009 1114 4074 iure
1143 4010 1227 4087 sint,
1259 4032 1337 4095 quo
1368 4009 1436 4096 qui

111 4103 255 4187 optimo
277 4105 382 4191 lege.
406 4108 445 4170 de
467 4107 540 4191 lege
563 4129 635 4192 agr.
658 4108 697 4184 2,
722 4110 778 4182 11,
800 4107 854 4174 29.

195 4199 362 4283 Optimo
382 4199 487 4265 iure.
532 4201 580 4266 Sit
602 4222 663 4284 pro
686 4212 856 4285 praetore,
881 4198 1056 4276 cointe,
1080 4219 1159 4281 quo
1182 4197 1248 4285 qui
1270 4197 1434 4282 optimo.

103 4290 256 4376 Philipp.
278 4295 316 4372 6,
341 4295 478 4370 16,16.
511 4330 553 4342 -
586 4294 629 4362 G.
651 4294 796 4362 Cassium
819 4316 953 4379 procos.
976 4294 1174 4377 provinciam
1200 4292 1324 4374 Syrium
1349 4295 1435 4358 obti-

102 4407 203 4463 nere,
226 4387 287 4451 uti
310 4389 380 4473 qui
401 4410 481 4454 eam
505 4390 660 4475 optimo
682 4390 773 4455 iuro
795 4388 1056 4474 provinciam
1079 4385 1323 4454 obtinuerit.
1355 4389 1435 4454 Phi·

101 4480 188 4565 lipp.
214 4484 271 4558 11,
299 4483 354 4560 12,
379 4484 432 4549 30.

122 4586 124 4593 “
195 4577 489 4658 Opusbonum.
533 4576 1435 4665 Hocopusbonumsuoorsiquclqcito:lor·
1567 4586 1570 4591 '

105 4669 194 4734 muln
215 4669 317 4755 Legis
339 4672 430 4757 operi
451 4672 617 4739 faciundo.
646 4675 748 4739 Verr.
771 4675 897 4737 Accus.
921 4675 957 4749 1,
981 4672 1038 4749 66,
1064 4673 1137 4735 117.

196 4763 306 4847 Opus
328 4768 573 4834 censorium.
617 4770 710 4850 Opus
737 4766 918 4832 censorium
941 4765 1138 4831 committere
1164 4762 1261 4833 vides'
1275 4790 1369 4855 quam
1392 4768 1433 4841 sit

107 4857 231 4927 homini
251 4868 346 4949 turpe
367 4862 529 4933 amorio.
558 4863 598 4927 de
621 4863 682 4933 On.
703 4863 743 4945 2,
766 4863 827 4940 90,
851 4860 927 4933 tot.
