3220 5572
245 350 286 424 st
593 408 598 419 ,
864 344 1015 423 tnuax

249 522 329 585 quae
345 498 470 576 dixisti,
495 496 623 576 valere,
648 497 839 582 locupletem
861 519 946 575 csse,
970 519 1034 562 uon
1059 498 1185 574 dolere,
1212 494 1296 564 bona
1311 516 1375 565 non
1398 490 1488 575 dico,
1520 494 1576 563 sed

247 594 345 657 dicam
372 595 495 659 Graece
525 606 712 681 προηγμένα
729 593 856 674 (Latine
879 603 981 655 autem
1000 593 1191 677 prodacta:
1215 595 1272 656 sed
1289 595 1498 677 praeposita
1523 606 1577 657 aut

243 688 434 772 praecipua
461 689 565 762 malo;
600 688 646 751 sic
676 686 875 752 tolerabilius
903 697 935 750 et
963 686 1129 766 mollius):
1159 686 1212 749 illa
1245 699 1365 763 autem,
1401 689 1575 764 morbum,

246 784 625 868 egestatem,‚dolorem,
650 803 714 846 uon
737 778 871 865 appello'
889 782 980 856 mala,
1005 783 1073 859 sed,
1096 779 1235 860 silibet,
1259 783 1454 847 reiectanea
1475 786 1579 864 (ἀπο

247 881 468 966 προηγμένα).
478 876 497 904 ”
542 880 580 940 de
603 876 697 941 Fiun.
720 877 785 939 IV.
809 877 869 952 20,
894 876 945 938 72.

330 976 566 1059 ΙΙροθεσπιζω,
590 971 792 1054 praesagio.
849 974 1091 1055 „Itpoueaataa
1121 969 1219 1055 igitur
1251 991 1316 1035 non
1347 969 1490 1036 ariolans
1522 973 1578 1034 sed

245 1066 430 1131 coniectura
464 1065 689 1148 prospiciens:
725 1069 866 1149 Iamque
900 1065 990 1127 mari
1019 1087 1148 1150 magno
1175 1108 1326 1129 .....
1350 1087 1415 1129 non
1449 1065 1575 1141 mistro,

245 1160 392 1246 inquam,
417 1182 509 1224 secus
530 1180 661 1241 possum
685 1157 893 1222 vaticinari.''
938 1164 976 1223 ad
998 1162 1068 1225 Att.
1090 1161 1191 1224 Vllt.
1214 1163 1272 1236 11,
1298 1161 1330 1223 3.

336 1255 510 1341 Προκοπή,
531 1275 741 1337 progressus
763 1254 800 1315 in
825 1253 962 1325 litteris.
1018 1256 1189 1335 „Tandem
1212 1277 1229 1316 a
1255 1253 1414 1318 Cicerone
1435 1244 1577 1316 tabella·

244 1346 331 1425 rins,
368 1361 400 1415 et
427 1347 607 1411 mehercule
630 1348 754 1411 litterae
778 1362 1001 1433 asseramur
1022 1348 1180 1430 scriptae:
1215 1351 1302 1432 quod
1323 1348 1425 1435 ipsum
1450 1372 1578 1431 προκο-

246 1444 309 1523 πήν
337 1442 471 1527 aliquam
499 1441 697 1525 significat.’'
748 1445 788 1504 ad
817 1444 887 1505 Att.
916 1444 994 1506 XV.
1027 1442 1119 1506 16Α.
1152 1444 1221 1509 ,De
1250 1445 1351 1506 verbo
1374 1442 1578 1529 προκόπτειν

246 1539 311 1600 vid.
336 1536 458 1601 Cellar.
479 1536 569 1599 Diss.
586 1539 624 1598 dc
639 1535 770 1620 Vigiliis
794 1547 824 1599 et
846 1537 1038 1599 Lucubratt.
1064 1538 1156 1601 ven.
1182 1543 1213 1614 §.
1238 1538 1291 1601 19.
1314 1538 1399 1600 Ena.

331 1631 589 1717 Προλεγόμεναι,
598 1633 857 1714 prolegomena,
866 1651 952 1714 puae
959 1628 1126 1721 praefari
1138 1634 1286 1695 solemus
1296 1642 1376 1693 ante
1387 1650 1496 1714 quam
1510 1629 1580 1692 dir·

244 1725 460 1809 putationem
479 1725 631 1809 aliquam
651 1724 895 1806 explicandam
909 1725 1132 1808 suscipimus.
1163 1725 1268 1805 „Veni
1283 1725 1392 1807 igitur,
1410 1724 1435 1787 si
1450 1723 1509 1787 vir
1527 1745 1576 1795 es,

207 1806 215 1819 ,
247 1831 279 1883 et
308 1819 394 1882 disce
424 1842 440 1881 a
465 1841 513 1881 nne
536 1825 791 1905 προλεγομένοις,
828 1838 905 1902 qtras
928 1821 1073 1903 quaeris:
1105 1819 1163 1881 etsi
1183 1841 1239 1909 'sus
1262 1818 1489 1883 Minervam.''
1544 1818 1578 1881 ad

247 1914 340 1979 Fam.
364 1914 429 1976 tx.
454 1914 511 1988 18,
535 1914 567 1975 3.

167 2023 180 2043 ²
331 2007 527 2095 ΙΙρόληψις,
559 2006 674 2081 notio,
698 2006 919 2089 anticipatio,
942 2006 1138 2090 praenotio.
1190 2008 1389 2091 „Notionem
1419 2005 1573 2089 appello,

247 2124 340 2187 quam
368 2101 484 2165 Graeci
510 2112 574 2162 tum
600 2100 747 2177 ἔννοιαν,
780 2112 844 2163 tum
875 2102 1050 2187 πρόληψιν.
1082 2103 1131 2167 Ea
1154 2114 1202 2177 cst
1224 2101 1316 2166 insita
1342 2114 1373 2165 ct
1399 2115 1577 2193 praecepta

153 2216 159 2221 ·
247 2197 400 2278 citiusque
431 2193 575 2279 cognitio
608 2193 806 2258 enodationis
839 2194 1022 2279 indigens.”
1078 2199 1166 2279 'l'op.
1200 2198 1235 2272 7,
1269 2196 1321 2262 31.
1342 2195 1417 2276 (ribi
1448 2207 1501 2259 est
1538 2195 1579 2259 ret

248 2288 455 2373 intelligibilis
485 2287 591 2367 notio,
626 2287 796 2352 Platonico
830 2311 939 2364 more,
976 2292 1062 2373 quod
1095 2291 1190 2354 Plato
1224 2311 1331 2354 certam
1365 2286 1579 2352 invisibilium

249 2383 395 2446 notiones
419 2404 436 2445 a
459 2395 569 2444 natura
589 2380 758 2464 impressas
781 2382 885 2448 anieno
911 2384 1052 2460 dicabat,
1079 2405 1160 2469 quae
1182 2384 1392 2460 evolvantur,
1415 2404 1443 2445 s.
1470 2396 1510 2446 ut
1528 2384 1581 2450 Ci-

248 2477 440 2553 cerodicit,
465 2479 642 2540 enucleatur
662 2497 721 2558 per
740 2477 951 2541 definitiones.
975 2480 1055 2541 Item
1075 2482 1114 2542 de
1136 2478 1269 2543 notione
1292 2477 1438 2561 volgari,
1465 2466 1581 2543 adnm·

247 2574 338 2635 brata
368 2593 464 2634 sensu
494 2583 525 2633 et
556 2592 632 2646 usu,
668 2592 731 2634 non
760 2571 917 2654 explicata
947 2586 1093 2637 accurate
1118 2574 1246 2641 scholae
1270 2576 1378 2637 modo.
1403 2573 1517 2651 Eun.)
1547 2609 1581 2619 -

250 2664 398 2745 „Cetera
421 2676 523 2727 autem
547 2667 676 2745 (mens)
701 2665 955 2731 similitudinibus
981 2667 1164 2744 constituit,
1188 2666 1366 2751 exquibus
1390 2664 1580 2728 efficiuntur

249 2759 381 2823 notitiae
411 2781 537 2847 rertttn,
573 2782 650 2843 quas
682 2760 800 2823 Graeci
832 2782 900 2823 cum
934 2772 1076 2843 ιζνιοίας,
1110 2773 1174 2824 tum
1206 2762 1389 2849 προλήψεις.
1416 2762 1579 2827 vocant.”

250 2854 354 2916 Acad.
378 2853 427 2916 11.
452 2857 510 2928 10,
535 2854 588 2921 30.
611 2886 651 2898 -
696 2854 810 2934 „Quae
833 2867 880 2916 cst
894 2855 975 2918 enim
993 2877 1072 2939 gens
1093 2866 1146 2917 ant
1162 2860 1248 2940 quod
1264 2877 1364 2939 geniis
1387 2854 1580 2930 homiuum,

250 2950 337 3032 quod
358 2968 423 3011 non
446 2948 563 3008 babeat
584 2945 652 3010 sine
674 2948 819 3011 doctrina
843 2947 1095 3030 anticipationem
1120 2952 1275 3034 quandam
1298 2945 1457 3012 deorum?
1481 2971 1581 3033 quam

229 3041 391 3126 'appellat
419 3040 589 3123 πρόληψιν
614 3040 794 3123 Epicurus,
829 3041 860 3105 id
888 3055 956 3117 est,
993 3056 1188 3125 anteceptam
1213 3046 1317 3107 animo
1343 3042 1389 3109 rei
1415 3045 1582 3125 quandam

250 3134 527 3210 informationem,
560 3135 626 3196 sine
649 3156 709 3218 qua
732 3157 790 3196 nec
810 3135 944 3221 intelligi
968 3137 1138 3221 quidquam
1163 3159 1221 3200 nec
1249 3137 1360 3223 quaeri
1386 3158 1445 3200 nee
1467 3138 1584 3222 dispu-

250 3229 312 3293 tari
333 3228 478 3312 potcst.'’
523 3231 561 3290 de
585 3231 660 3292 Nat.
685 3230 788 3293 Deor.
808 3231 836 3293 l.
863 3233 918 3303 10,
944 3232 997 3293 ta.
1023 3263 1062 3274 -
1107 3226 1306 3313 „Fateamur
1329 3226 1476 3296 constare
1498 3233 1585 3298 illud

212 3342 221 3365 ’
251 3323 364 3398 etiam,
396 3326 477 3385 hanc
499 3325 696 3386 noshabere
723 3322 792 3386 sive
819 3324 1092 3407 anticipationem,
1123 3337 1157 3389 ut
1182 3339 1253 3389 ante
1276 3325 1356 3402 dixi,
1385 3326 1456 3390 sive
1479 3349 1583 3410 prae-

252 3419 414 3481 notionem
444 3421 576 3481 deorum
606 3418 700 3497 (siant
721 3416 801 3479 enim
830 3420 925 3481 rebus
952 3419 1046 3482 novis
1071 3442 1155 3487 nova
1181 3424 1329 3503 ponenda
1360 3419 1508 3495 nomina,
1550 3431 1585 3484 ut

250 3512 411 3594 Epicurus
433 3510 502 3593 ipse
526 3506 693 3596 πρόληψιν
713 3512 904 3595 appellavit,
937 3535 1031 3598 quam
1052 3527 1141 3578 antea
1162 3536 1255 3579 nemo
1280 3537 1319 3580 eo
1346 3517 1447 3581 verbo
1472 3510 1584 3579 uoini·

251 3608 382 3686 narat):
412 3607 493 3668 hanc
512 3605 610 3691 igitur
629 3607 802 3682 babemus,
829 3618 862 3669 ut
884 3610 960 3671 deos
979 3610 1091 3673 beatos
1115 3622 1146 3674 et
1168 3609 1362 3675 immortales
1377 3622 1551 3715 putemus.
1562 3610 1583 3637 ''

136 3710 141 3715 ’
252 3704 290 3764 de
313 3701 390 3765 Nat.
413 3700 517 3764 Deor.
542 3701 571 3765 1.
594 3703 654 3777 17,
678 3702 720 3763 tt
741 3722 792 3784 sq.

335 3795 513 3884 Πρόνοια,
540 3794 776 3877 prouidentia.
821 3796 980 3873 „Audite,
1009 3796 1110 3884 inquit
1139 3797 1342 3879 (Velleius),
1373 3821 1436 3865 non
1468 3799 1585 3863 futiles

249 3889 548 3974 commenticiasque
572 3888 762 3966 sententias,
793 3911 856 3953 uon
882 3890 1029 3973 opificem
1053 3893 1349 3977 aedificatoremque
1371 3895 1478 3958 ravandi
1500 3896 1588 3961 Pla-

252 3986 338 4051 tonis
361 3987 400 4048 de
424 3983 557 4047 Timaeo
575 3985 688 4063 deum,
711 4005 770 4047 aec
785 4005 876 4049 auum
894 3982 1054 4050 fatidicam
1073 3988 1255 4051 Stoicorum
1278 3989 1455 4076 nativetas,
1481 4012 1588 4074 quam

251 4080 369 4145 Latine
392 4079 466 4142 licet
483 4077 738 4162 providentiam
760 4078 887 4143 dicere’'
914 4091 978 4143 cet.
1002 4083 1039 4144 de
1063 4081 1135 4146 Nat.
1158 4082 1263 4151 Deor.
1285 4083 1315 4147 l.
1340 4084 1372 4159 8,
1398 4083 1449 4147 18.
1474 4082 1521 4146 cf.
1551 4084 1588 4147 1.

156 4164 165 4183 ⁸
250 4176 292 4251 8,
316 4174 370 4236 20.
415 4172 445 4236 Ι.
468 4173 508 4248 9,
543 4172 596 4235 22.
619 4204 661 4216 -
709 4172 821 4246 „Talis
852 4173 948 4258 igitur
971 4195 1058 4238 mens
1081 4174 1187 4237 mundi
1212 4174 1282 4241 cum
1311 4176 1353 4240 sit
1377 4178 1420 4242 ob
1443 4198 1589 4259 eamque

252 4287 378 4330 causam
414 4265 464 4327 vel
493 4265 659 4347 prudentia
694 4266 745 4329 vel
774 4266 975 4355 providentia
1003 4264 1158 4350 appellari
1184 4280 1270 4333 recte
1297 4270 1399 4353 possit
1428 4270 1589 4349 (Graece

254 4362 334 4426 enim
358 4361 500 4447 πρόνοια
521 4358 676 4439 dicitur),
706 4362 786 4423 haec
807 4363 1007 4443 potissimum
1030 4361 1179 4442 providet
1207 4376 1237 4426 et
1259 4363 1289 4427 in
1307 4363 1355 4427 his
1375 4363 1511 4426 unianimo
1529 4378 1590 4429 est

255 4466 430 4538 occupata,
461 4452 595 4537 primum
627 4464 660 4516 ut
690 4457 821 4517 nuurdus
846 4478 938 4539 quam
962 4454 1143 4538 aptissimus
1173 4456 1213 4519 sit
1240 4460 1278 4520 ad
1307 4461 1585 4541 permanendum,

255 4551 367 4613 deinde
396 4549 535 4612 utnulla
558 4570 593 4611 re
617 4558 727 4632 egeat,
761 4548 895 4612 maxime
918 4561 1020 4627 autem
1045 4548 1130 4611 utin
1156 4571 1196 4614 eo
1226 4549 1338 4615 eximia
1367 4552 1587 4634 pulchritudo

254 4643 295 4709 sit
321 4656 416 4728 atquc
439 4641 539 4707 omnis
562 4642 732 4706 ornatus.’'
755 4644 794 4707 de
816 4644 891 4710 Nat.
913 4643 1015 4708 Deor.
1037 4642 1086 4707 ΙΙ.
1110 4643 1170 4721 22,
1202 4645 1258 4709 58.
1279 4682 1321 4693 -
1365 4649 1425 4721 ,A
1447 4659 1479 4710 te
1501 4646 1586 4729 i'pso

254 4744 406 4805 besterna
435 4735 485 4800 die
514 4736 630 4800 dictum
661 4749 726 4819 est,
761 4730 852 4803 anum
876 4736 1035 4802 fatidicam
1065 4739 1227 4826 πρόνοιαν
1258 4761 1277 4804 a
1302 4734 1420 4806 Stoicis
1437 4741 1584 4823 induci,
