<?xml version="1.0" encoding="UTF-8"?>
<!DOCTYPE html PUBLIC "-//W3C//DTD XHTML 1.0 Transitional//EN"
    "http://www.w3.org/TR/xhtml1/DTD/xhtml1-transitional.dtd">
<html xmlns="http://www.w3.org/1999/xhtml" xml:lang="en" lang="en">
 <head>
  <title>
</title>
<meta http-equiv="Content-Type" content="text/html;charset=utf-8" />
  <meta name='ocr-system' content='tesseract 3.04.00' />
  <meta name='ocr-capabilities' content='ocr_page ocr_carea ocr_par ocr_line ocrx_word'/>
</head>
<body>
  <div class='ocr_page' id='page_1' title='image "./mtulliiciceroni01fabrgoog_0241.png"; bbox 0 0 3214 5586; ppageno 0'>
   <div class='ocr_carea' id='block_1_1' title="bbox 266 314 1192 457">
    <p class='ocr_par' dir='ltr' id='par_1_1' title="bbox 266 314 1192 457">
     <span class='ocr_line' id='line_1_1' title="bbox 266 314 1192 457; baseline 0.003 -33"><span class='ocrx_word' id='word_1_1' title='bbox 266 344 267 351; x_wconf 70' lang='lat'>‘</span> <span class='ocrx_word' id='word_1_2' title='bbox 333 360 397 425; x_wconf 79' lang='lat' dir='ltr'><strong>reo</strong></span> <span class='ocrx_word' id='word_1_3' title='bbox 460 314 462 317; x_wconf 55' lang='grc'><strong>’</strong></span> <span class='ocrx_word' id='word_1_4' title='bbox 509 369 511 375; x_wconf 96' lang='grc'><em>·</em></span> <span class='ocrx_word' id='word_1_5' title='bbox 817 361 969 428; x_wconf 75' lang='lat' dir='ltr'><strong>lunen</strong></span> <span class='ocrx_word' id='word_1_6' title='bbox 988 363 1192 457; x_wconf 55' lang='lat' dir='ltr'><strong>Leonas„</strong></span> 
     </span>
    </p>
   </div>
   <div class='ocr_carea' id='block_1_2' title="bbox 184 492 1587 968">
    <p class='ocr_par' dir='ltr' id='par_1_2' title="bbox 184 492 1587 869">
     <span class='ocr_line' id='line_1_2' title="bbox 184 492 1587 593; baseline 0.006 -29"><span class='ocrx_word' id='word_1_7' title='bbox 184 492 190 503; x_wconf 53' lang='grc'><strong>“</strong></span> <span class='ocrx_word' id='word_1_8' title='bbox 330 502 503 567; x_wconf 84' lang='lat' dir='ltr'><strong>libertinis</strong></span> <span class='ocrx_word' id='word_1_9' title='bbox 522 501 558 566; x_wconf 88' lang='lat' dir='ltr'><strong>in</strong></span> <span class='ocrx_word' id='word_1_10' title='bbox 579 501 736 566; x_wconf 81' lang='lat' dir='ltr'><strong>omnibus</strong></span> <span class='ocrx_word' id='word_1_11' title='bbox 757 503 914 569; x_wconf 82' lang='lat' dir='ltr'><strong>tribubus</strong></span> <span class='ocrx_word' id='word_1_12' title='bbox 934 502 1148 593; x_wconf 66' lang='lat' dir='ltr'><strong>srffrogium</strong></span> <span class='ocrx_word' id='word_1_13' title='bbox 1169 514 1277 578; x_wconf 85' lang='lat' dir='ltr'><strong>esset,</strong></span> <span class='ocrx_word' id='word_1_14' title='bbox 1300 502 1393 588; x_wconf 83' lang='lat' dir='ltr'><strong>irlqoe</strong></span> <span class='ocrx_word' id='word_1_15' title='bbox 1408 525 1460 588; x_wconf 85' lang='lat' dir='ltr'><strong>per</strong></span> <span class='ocrx_word' id='word_1_16' title='bbox 1474 508 1587 573; x_wconf 82' lang='lat' dir='ltr'><strong>tunultu</strong></span> 
     </span>
     <span class='ocr_line' id='line_1_3' title="bbox 333 595 1586 685; baseline 0.005 -27"><span class='ocrx_word' id='word_1_17' title='bbox 333 609 461 681; x_wconf 86' lang='lat' dir='ltr'><strong>ageret,</strong></span> <span class='ocrx_word' id='word_1_18' title='bbox 501 608 533 660; x_wconf 92' lang='lat' dir='ltr'><strong>et</strong></span> <span class='ocrx_word' id='word_1_19' title='bbox 563 597 679 659; x_wconf 83' lang='lat' dir='ltr'><strong>clivum</strong></span> <span class='ocrx_word' id='word_1_20' title='bbox 710 595 928 679; x_wconf 84' lang='lat' dir='ltr'><strong>Capitolinum</strong></span> <span class='ocrx_word' id='word_1_21' title='bbox 958 597 1138 672; x_wconf 73' lang='lat' dir='ltr'><strong>obsideret,</strong></span> <span class='ocrx_word' id='word_1_22' title='bbox 1176 597 1366 661; x_wconf 79' lang='lat' dir='ltr'><strong>discusserat</strong></span> <span class='ocrx_word' id='word_1_23' title='bbox 1396 615 1586 685; x_wconf 84' lang='lat' dir='ltr'><strong>perruperatqn</strong></span> 
     </span>
     <span class='ocr_line' id='line_1_4' title="bbox 332 689 1587 767; baseline 0.006 -15"><span class='ocrx_word' id='word_1_24' title='bbox 332 702 460 753; x_wconf 88' lang='lat' dir='ltr'><strong>coetum</strong></span> <span class='ocrx_word' id='word_1_25' title='bbox 483 689 646 754; x_wconf 84' lang='lat' dir='ltr'><strong>Domitius</strong></span> <span class='ocrx_word' id='word_1_26' title='bbox 670 689 731 767; x_wconf 85' lang='lat' dir='ltr'><strong>ita,</strong></span> <span class='ocrx_word' id='word_1_27' title='bbox 763 701 798 753; x_wconf 91' lang='lat' dir='ltr'><strong>ut</strong></span> <span class='ocrx_word' id='word_1_28' title='bbox 821 690 910 754; x_wconf 84' lang='lat' dir='ltr'><strong>multi</strong></span> <span class='ocrx_word' id='word_1_29' title='bbox 937 692 1174 757; x_wconf 87' lang='lat' dir='ltr'><strong>Manliaoorum</strong></span> <span class='ocrx_word' id='word_1_30' title='bbox 1204 689 1478 759; x_wconf 83' lang='lat' dir='ltr'><strong>interficerentur.&#39;&#39;</strong></span> <span class='ocrx_word' id='word_1_31' title='bbox 1506 696 1587 759; x_wconf 74' lang='lat' dir='ltr'><strong>Areos.</strong></span> 
     </span>
     <span class='ocr_line' id='line_1_5' title="bbox 319 783 638 869; baseline -0.009 -20"><span class='ocrx_word' id='word_1_32' title='bbox 319 783 365 849; x_wconf 76' lang='lat' dir='ltr'><strong>‘in</strong></span> <span class='ocrx_word' id='word_1_33' title='bbox 388 786 507 849; x_wconf 87' lang='lat' dir='ltr'><strong>Milon.</strong></span> <span class='ocrx_word' id='word_1_34' title='bbox 531 807 565 869; x_wconf 89' lang='lat' dir='ltr'><strong>p.</strong></span> <span class='ocrx_word' id='word_1_35' title='bbox 587 785 638 849; x_wconf 77' lang='lat' dir='ltr'><strong>to.</strong></span> 
     </span>
    </p>

    <p class='ocr_par' dir='ltr' id='par_1_3' title="bbox 417 878 1425 968">
     <span class='ocr_line' id='line_1_6' title="bbox 417 878 1425 968; baseline 0.004 -23"><span class='ocrx_word' id='word_1_36' title='bbox 417 878 638 946; x_wconf 80' lang='lat' dir='ltr'><strong>Conferantur</strong></span> <span class='ocrx_word' id='word_1_37' title='bbox 659 881 817 943; x_wconf 70' lang='lat' dir='ltr'><strong>Surrrcsa</strong></span> <span class='ocrx_word' id='word_1_38' title='bbox 840 890 872 943; x_wconf 92' lang='lat' dir='ltr'><strong>et</strong></span> <span class='ocrx_word' id='word_1_39' title='bbox 894 881 1052 944; x_wconf 77' lang='lat' dir='ltr'><strong>Memora</strong></span> <span class='ocrx_word' id='word_1_40' title='bbox 1075 880 1216 946; x_wconf 78' lang='lat' dir='ltr'><strong>eiusdem</strong></span> <span class='ocrx_word' id='word_1_41' title='bbox 1239 882 1425 968; x_wconf 85' lang='lat' dir='ltr'><strong>argumenti.</strong></span> 
     </span>
    </p>
   </div>
   <div class='ocr_carea' id='block_1_3' title="bbox 376 1059 1588 1238">
    <p class='ocr_par' dir='ltr' id='par_1_4' title="bbox 376 1059 1588 1238">
     <span class='ocr_line' id='line_1_7' title="bbox 376 1059 1588 1145; baseline 0.001 -22"><span class='ocrx_word' id='word_1_42' title='bbox 376 1082 381 1095; x_wconf 74' lang='lat'><strong><em>¹</em></strong></span> <span class='ocrx_word' id='word_1_43' title='bbox 501 1060 647 1131; x_wconf 73' lang='lat' dir='ltr'><strong>Mauors</strong></span> <span class='ocrx_word' id='word_1_44' title='bbox 676 1060 717 1122; x_wconf 85' lang='lat' dir='ltr'><strong>de</strong></span> <span class='ocrx_word' id='word_1_45' title='bbox 743 1059 903 1123; x_wconf 79' lang='lat' dir='ltr'><strong>creandis</strong></span> <span class='ocrx_word' id='word_1_46' title='bbox 929 1059 1121 1124; x_wconf 84' lang='lat' dir='ltr'><strong>triumuiris</strong></span> <span class='ocrx_word' id='word_1_47' title='bbox 1149 1061 1364 1145; x_wconf 73' lang='lat' dir='ltr'><strong>epulonibus.</strong></span> <span class='ocrx_word' id='word_1_48' title='bbox 1406 1061 1477 1140; x_wconf 66' lang='lat' dir='ltr'><strong>tit.</strong></span> <span class='ocrx_word' id='word_1_49' title='bbox 1500 1063 1588 1125; x_wconf 87' lang='lat' dir='ltr'><strong>Luuu</strong></span> 
     </span>
     <span class='ocr_line' id='line_1_8' title="bbox 689 1155 1295 1238; baseline 0.005 -21"><span class='ocrx_word' id='word_1_50' title='bbox 689 1155 730 1218; x_wconf 79' lang='lat' dir='ltr'><strong>tle</strong></span> <span class='ocrx_word' id='word_1_51' title='bbox 752 1177 802 1219; x_wconf 88' lang='lat' dir='ltr'><strong>cr.</strong></span> <span class='ocrx_word' id='word_1_52' title='bbox 823 1167 870 1218; x_wconf 88' lang='lat' dir='ltr'><strong>tr.</strong></span> <span class='ocrx_word' id='word_1_53' title='bbox 893 1155 1096 1238; x_wconf 70' lang='lat' dir='ltr'><em>epulonibus</em></span> <span class='ocrx_word' id='word_1_54' title='bbox 1118 1156 1166 1238; x_wconf 87' lang='lat' dir='ltr'><strong>(p.</strong></span> <span class='ocrx_word' id='word_1_55' title='bbox 1193 1156 1295 1236; x_wconf 80' lang='grc'><strong>213.).</strong></span> 
     </span>
    </p>
   </div>
   <div class='ocr_carea' id='block_1_4' title="bbox 779 1324 1211 1409">
    <p class='ocr_par' dir='ltr' id='par_1_5' title="bbox 779 1324 1211 1409">
     <span class='ocr_line' id='line_1_9' title="bbox 779 1324 1211 1409; baseline 0.009 -22"><span class='ocrx_word' id='word_1_56' title='bbox 779 1324 921 1387; x_wconf 77' lang='lat' dir='ltr'><strong>Marcia</strong></span> <span class='ocrx_word' id='word_1_57' title='bbox 943 1325 985 1389; x_wconf 75' lang='lat' dir='ltr'><strong>sle</strong></span> <span class='ocrx_word' id='word_1_58' title='bbox 1007 1325 1211 1409; x_wconf 80' lang='lat' dir='ltr'><strong>Liguribus.</strong></span> 
     </span>
    </p>
   </div>
   <div class='ocr_carea' id='block_1_5' title="bbox 203 1442 1595 3697">
    <p class='ocr_par' dir='ltr' id='par_1_6' title="bbox 203 1442 1595 3697">
     <span class='ocr_line' id='line_1_10' title="bbox 415 1442 1595 1529; baseline -0.003 -19"><span class='ocrx_word' id='word_1_59' title='bbox 415 1445 599 1529; x_wconf 88' lang='lat' dir='ltr'><strong>„Consules</strong></span> <span class='ocrx_word' id='word_1_60' title='bbox 621 1444 677 1526; x_wconf 90' lang='lat' dir='ltr'><strong>(C.</strong></span> <span class='ocrx_word' id='word_1_61' title='bbox 702 1445 861 1527; x_wconf 74' lang='lat' dir='ltr'><strong>Popillius</strong></span> <span class='ocrx_word' id='word_1_62' title='bbox 884 1458 916 1509; x_wconf 88' lang='lat' dir='ltr'><strong>et</strong></span> <span class='ocrx_word' id='word_1_63' title='bbox 938 1448 979 1512; x_wconf 90' lang='lat' dir='ltr'><strong>P.</strong></span> <span class='ocrx_word' id='word_1_64' title='bbox 1004 1448 1116 1511; x_wconf 82' lang='lat' dir='ltr'><strong>Aelius</strong></span> <span class='ocrx_word' id='word_1_65' title='bbox 1138 1469 1168 1511; x_wconf 89' lang='lat' dir='ltr'><strong>a.</strong></span> <span class='ocrx_word' id='word_1_66' title='bbox 1192 1470 1225 1514; x_wconf 87' lang='lat' dir='ltr'><strong>u.</strong></span> <span class='ocrx_word' id='word_1_67' title='bbox 1247 1448 1337 1529; x_wconf 82' lang='lat'><strong>581.)</strong></span> <span class='ocrx_word' id='word_1_68' title='bbox 1359 1451 1398 1512; x_wconf 81' lang='lat' dir='ltr'><strong>ad</strong></span> <span class='ocrx_word' id='word_1_69' title='bbox 1421 1447 1450 1511; x_wconf 84' lang='lat' dir='ltr'><strong>id</strong></span> <span class='ocrx_word' id='word_1_70' title='bbox 1468 1442 1595 1528; x_wconf 69' lang='lat' dir='ltr'><strong>tenpuirl</strong></span> 
     </span>
     <span class='ocr_line' id='line_1_11' title="bbox 330 1536 1585 1627; baseline -0.002 -22"><span class='ocrx_word' id='word_1_71' title='bbox 330 1540 530 1626; x_wconf 83' lang='lat' dir='ltr'><strong>provinciam</strong></span> <span class='ocrx_word' id='word_1_72' title='bbox 561 1540 729 1627; x_wconf 82' lang='lat' dir='ltr'><strong>(Ligures)</strong></span> <span class='ocrx_word' id='word_1_73' title='bbox 759 1562 823 1605; x_wconf 89' lang='lat' dir='ltr'><strong>ooo</strong></span> <span class='ocrx_word' id='word_1_74' title='bbox 852 1536 1011 1616; x_wconf 78' lang='lat' dir='ltr'><strong>eriierant,</strong></span> <span class='ocrx_word' id='word_1_75' title='bbox 1046 1542 1120 1626; x_wconf 83' lang='lat' dir='ltr'><strong>qrtia</strong></span> <span class='ocrx_word' id='word_1_76' title='bbox 1153 1563 1256 1626; x_wconf 82' lang='lat' dir='ltr'><strong>oeqrss</strong></span> <span class='ocrx_word' id='word_1_77' title='bbox 1284 1543 1332 1606; x_wconf 88' lang='lat' dir='ltr'><strong>uti</strong></span> <span class='ocrx_word' id='word_1_78' title='bbox 1359 1546 1398 1608; x_wconf 84' lang='lat' dir='ltr'><strong>de</strong></span> <span class='ocrx_word' id='word_1_79' title='bbox 1427 1545 1475 1607; x_wconf 89' lang='grc' dir='ltr'><strong>Μ.</strong></span> <span class='ocrx_word' id='word_1_80' title='bbox 1498 1538 1585 1620; x_wconf 81' lang='lat' dir='ltr'><strong>Popillia</strong></span> 
     </span>
     <span class='ocr_line' id='line_1_12' title="bbox 203 1634 1585 1720; baseline -0.003 -22"><span class='ocrx_word' id='word_1_81' title='bbox 203 1634 206 1645; x_wconf 90' lang='lat'>&#39;</span> <span class='ocrx_word' id='word_1_82' title='bbox 330 1635 476 1715; x_wconf 90' lang='lat' dir='ltr'><strong>(alterins</strong></span> <span class='ocrx_word' id='word_1_83' title='bbox 492 1636 631 1699; x_wconf 88' lang='lat' dir='ltr'><strong>consulis</strong></span> <span class='ocrx_word' id='word_1_84' title='bbox 649 1635 769 1711; x_wconf 84' lang='lat' dir='ltr'><strong>lrrtre,</strong></span> <span class='ocrx_word' id='word_1_85' title='bbox 794 1635 847 1720; x_wconf 90' lang='lat' dir='ltr'><strong>qui</strong></span> <span class='ocrx_word' id='word_1_86' title='bbox 866 1635 978 1698; x_wconf 89' lang='lat' dir='ltr'><strong>consul</strong></span> <span class='ocrx_word' id='word_1_87' title='bbox 1000 1657 1030 1697; x_wconf 82' lang='lat' dir='ltr'><strong>a.</strong></span> <span class='ocrx_word' id='word_1_88' title='bbox 1054 1637 1129 1699; x_wconf 74' lang='grc'><strong>580.</strong></span> <span class='ocrx_word' id='word_1_89' title='bbox 1155 1636 1332 1720; x_wconf 78' lang='lat' dir='ltr'><strong>Liguribus</strong></span> <span class='ocrx_word' id='word_1_90' title='bbox 1352 1634 1459 1700; x_wconf 82' lang='lat' dir='ltr'><strong>deditis</strong></span> <span class='ocrx_word' id='word_1_91' title='bbox 1475 1654 1585 1698; x_wconf 84' lang='lat' dir='ltr'><strong>arnam</strong></span> 
     </span>
     <span class='ocr_line' id='line_1_13' title="bbox 290 1728 1586 1814; baseline -0.004 -20"><span class='ocrx_word' id='word_1_92' title='bbox 290 1754 296 1767; x_wconf 73' lang='lat'><strong>¹</strong></span> <span class='ocrx_word' id='word_1_93' title='bbox 330 1731 624 1804; x_wconf 84' lang='lat' dir='ltr'><strong>nibusademerat,</strong></span> <span class='ocrx_word' id='word_1_94' title='bbox 656 1728 807 1811; x_wconf 78' lang='lat' dir='ltr'><strong>oppidum</strong></span> <span class='ocrx_word' id='word_1_95' title='bbox 832 1728 990 1805; x_wconf 75' lang='lat' dir='ltr'><strong>diruerat,</strong></span> <span class='ocrx_word' id='word_1_96' title='bbox 1022 1730 1111 1812; x_wconf 90' lang='lat' dir='ltr'><strong>ipsos</strong></span> <span class='ocrx_word' id='word_1_97' title='bbox 1137 1733 1288 1814; x_wconf 81' lang='lat' dir='ltr'><strong>bonaque</strong></span> <span class='ocrx_word' id='word_1_98' title='bbox 1316 1752 1425 1796; x_wconf 89' lang='lat' dir='ltr'><strong>eorum</strong></span> <span class='ocrx_word' id='word_1_99' title='bbox 1452 1728 1586 1803; x_wconf 62' lang='lat' dir='ltr'><strong>reoidenti</strong></span> 
     </span>
     <span class='ocr_line' id='line_1_14' title="bbox 329 1821 1585 1909; baseline -0.005 -23"><span class='ocrx_word' id='word_1_100' title='bbox 329 1824 488 1909; x_wconf 82' lang='lat' dir='ltr'><strong>referrent</strong></span> <span class='ocrx_word' id='word_1_101' title='bbox 510 1821 632 1909; x_wconf 80' lang='lat' dir='ltr'><strong>senatui</strong></span> <span class='ocrx_word' id='word_1_102' title='bbox 654 1824 915 1906; x_wconf 72' lang='lat' dir='ltr'><strong>obsequebantur</strong></span> <span class='ocrx_word' id='word_1_103' title='bbox 937 1834 968 1886; x_wconf 93' lang='lat' dir='ltr'><strong>et</strong></span> <span class='ocrx_word' id='word_1_104' title='bbox 990 1823 1067 1889; x_wconf 85' lang='lat' dir='ltr'><strong>nibil</strong></span> <span class='ocrx_word' id='word_1_105' title='bbox 1091 1824 1175 1887; x_wconf 83' lang='lat' dir='ltr'><strong>alind</strong></span> <span class='ocrx_word' id='word_1_106' title='bbox 1197 1826 1371 1888; x_wconf 81' lang='lat' dir='ltr'><strong>decernere</strong></span> <span class='ocrx_word' id='word_1_107' title='bbox 1395 1824 1476 1907; x_wconf 87' lang='lat' dir='ltr'><strong>prius</strong></span> <span class='ocrx_word' id='word_1_108' title='bbox 1494 1833 1585 1887; x_wconf 82' lang='lat' dir='ltr'><strong>statura</strong></span> 
     </span>
     <span class='ocr_line' id='line_1_15' title="bbox 329 1914 1584 2003; baseline -0.003 -24"><span class='ocrx_word' id='word_1_109' title='bbox 329 1917 474 2000; x_wconf 88' lang='lat' dir='ltr'><strong>patribus</strong></span> <span class='ocrx_word' id='word_1_110' title='bbox 495 1929 582 1981; x_wconf 90' lang='lat' dir='ltr'><strong>erat.</strong></span> <span class='ocrx_word' id='word_1_111' title='bbox 614 1929 703 1980; x_wconf 87' lang='lat' dir='ltr'><strong>aucta</strong></span> <span class='ocrx_word' id='word_1_112' title='bbox 728 1916 821 1980; x_wconf 90' lang='lat' dir='ltr'><strong>etiam</strong></span> <span class='ocrx_word' id='word_1_113' title='bbox 844 1916 959 1979; x_wconf 86' lang='lat' dir='ltr'><strong>invidia</strong></span> <span class='ocrx_word' id='word_1_114' title='bbox 984 1929 1032 1980; x_wconf 91' lang='lat' dir='ltr'><strong>est</strong></span> <span class='ocrx_word' id='word_1_115' title='bbox 1054 1916 1186 1999; x_wconf 78' lang='lat' dir='ltr'><strong>Popillii</strong></span> <span class='ocrx_word' id='word_1_116' title='bbox 1212 1916 1325 1981; x_wconf 90' lang='lat' dir='ltr'><strong>litteris</strong></span> <span class='ocrx_word' id='word_1_117' title='bbox 1344 1919 1431 1996; x_wconf 92' lang='lat' dir='ltr'><strong>eius,</strong></span> <span class='ocrx_word' id='word_1_118' title='bbox 1457 1914 1584 2003; x_wconf 79' lang='lat' dir='ltr'><strong>quibusitr</strong></span> 
     </span>
     <span class='ocr_line' id='line_1_16' title="bbox 329 2005 1585 2096; baseline -0.005 -23"><span class='ocrx_word' id='word_1_119' title='bbox 329 2033 399 2074; x_wconf 90' lang='lat' dir='ltr'><strong>rum</strong></span> <span class='ocrx_word' id='word_1_120' title='bbox 420 2032 489 2073; x_wconf 85' lang='lat' dir='ltr'><strong>etun</strong></span> <span class='ocrx_word' id='word_1_121' title='bbox 512 2011 650 2073; x_wconf 75' lang='lat' dir='ltr'><strong>Statellis</strong></span> <span class='ocrx_word' id='word_1_122' title='bbox 672 2009 850 2096; x_wconf 78' lang='lat' dir='ltr'><strong>Liguribus</strong></span> <span class='ocrx_word' id='word_1_123' title='bbox 875 2012 1050 2093; x_wconf 89' lang='lat' dir='ltr'><strong>proconsul</strong></span> <span class='ocrx_word' id='word_1_124' title='bbox 1069 2033 1230 2096; x_wconf 77' lang='lat' dir='ltr'><strong>pugnasse</strong></span> <span class='ocrx_word' id='word_1_125' title='bbox 1253 2034 1287 2074; x_wconf 91' lang='lat' dir='ltr'><strong>se</strong></span> <span class='ocrx_word' id='word_1_126' title='bbox 1307 2011 1436 2095; x_wconf 81' lang='lat' dir='ltr'><strong>scripsit</strong></span> <span class='ocrx_word' id='word_1_127' title='bbox 1455 2032 1488 2075; x_wconf 86' lang='lat' dir='ltr'><strong>ac</strong></span> <span class='ocrx_word' id='word_1_128' title='bbox 1505 2005 1585 2072; x_wconf 78' lang='lat' dir='ltr'><strong>teleos</strong></span> 
     </span>
     <span class='ocr_line' id='line_1_17' title="bbox 328 2101 1585 2191; baseline -0.003 -23"><span class='ocrx_word' id='word_1_129' title='bbox 328 2105 414 2168; x_wconf 86' lang='lat' dir='ltr'><strong>milia</strong></span> <span class='ocrx_word' id='word_1_130' title='bbox 434 2116 544 2169; x_wconf 87' lang='lat' dir='ltr'><strong>eorum</strong></span> <span class='ocrx_word' id='word_1_131' title='bbox 568 2103 743 2179; x_wconf 82' lang='lat' dir='ltr'><strong>occidisse3</strong></span> <span class='ocrx_word' id='word_1_132' title='bbox 763 2117 900 2187; x_wconf 89' lang='lat' dir='ltr'><strong>propter</strong></span> <span class='ocrx_word' id='word_1_133' title='bbox 918 2106 1006 2169; x_wconf 88' lang='lat' dir='ltr'><strong>cuius</strong></span> <span class='ocrx_word' id='word_1_134' title='bbox 1027 2106 1169 2191; x_wconf 75' lang='lat' dir='ltr'><strong>iniuriam</strong></span> <span class='ocrx_word' id='word_1_135' title='bbox 1185 2108 1261 2170; x_wconf 91' lang='lat' dir='ltr'><strong>belli</strong></span> <span class='ocrx_word' id='word_1_136' title='bbox 1284 2107 1385 2170; x_wconf 88' lang='lat' dir='ltr'><strong>ceteri</strong></span> <span class='ocrx_word' id='word_1_137' title='bbox 1404 2126 1516 2191; x_wconf 83' lang='lat' dir='ltr'><strong>quoquc</strong></span> <span class='ocrx_word' id='word_1_138' title='bbox 1532 2101 1585 2182; x_wconf 71' lang='lat' dir='ltr'><strong>ligr</strong></span> 
     </span>
     <span class='ocr_line' id='line_1_18' title="bbox 328 2187 1595 2282; baseline -0.002 -19"><span class='ocrx_word' id='word_1_139' title='bbox 328 2221 399 2263; x_wconf 86' lang='lat' dir='ltr'><strong>rum</strong></span> <span class='ocrx_word' id='word_1_140' title='bbox 430 2199 543 2282; x_wconf 89' lang='lat' dir='ltr'><strong>populi</strong></span> <span class='ocrx_word' id='word_1_141' title='bbox 573 2201 612 2261; x_wconf 87' lang='lat' dir='ltr'><strong>ad</strong></span> <span class='ocrx_word' id='word_1_142' title='bbox 640 2220 728 2262; x_wconf 83' lang='lat' dir='ltr'><strong>arma</strong></span> <span class='ocrx_word' id='word_1_143' title='bbox 755 2187 877 2263; x_wconf 79' lang='lat' dir='ltr'><strong>ierunt.</strong></span> <span class='ocrx_word' id='word_1_144' title='bbox 913 2213 985 2281; x_wconf 76' lang='lat' dir='ltr'><strong>tum</strong></span> <span class='ocrx_word' id='word_1_145' title='bbox 1010 2218 1090 2267; x_wconf 81' lang='lat' dir='ltr'><strong>vero</strong></span> <span class='ocrx_word' id='word_1_146' title='bbox 1116 2221 1181 2265; x_wconf 89' lang='lat' dir='ltr'><strong>noo</strong></span> <span class='ocrx_word' id='word_1_147' title='bbox 1209 2203 1322 2265; x_wconf 84' lang='lat' dir='ltr'><strong>absens</strong></span> <span class='ocrx_word' id='word_1_148' title='bbox 1354 2204 1448 2265; x_wconf 84' lang='lat' dir='ltr'><strong>morlo</strong></span> <span class='ocrx_word' id='word_1_149' title='bbox 1473 2193 1595 2281; x_wconf 68' lang='lat' dir='ltr'><strong>Potitio,</strong></span> 
     </span>
     <span class='ocr_line' id='line_1_19' title="bbox 329 2286 1595 2378; baseline -0.007 -22"><span class='ocrx_word' id='word_1_150' title='bbox 329 2296 383 2378; x_wconf 80' lang='lat' dir='ltr'><strong>qtsi</strong></span> <span class='ocrx_word' id='word_1_151' title='bbox 409 2294 523 2357; x_wconf 84' lang='lat' dir='ltr'><strong>deditis</strong></span> <span class='ocrx_word' id='word_1_152' title='bbox 544 2306 655 2358; x_wconf 85' lang='lat' dir='ltr'><strong>eontra</strong></span> <span class='ocrx_word' id='word_1_153' title='bbox 685 2292 734 2356; x_wconf 89' lang='lat' dir='ltr'><strong>ius</strong></span> <span class='ocrx_word' id='word_1_154' title='bbox 757 2315 794 2357; x_wconf 84' lang='lat' dir='ltr'><strong>ac</strong></span> <span class='ocrx_word' id='word_1_155' title='bbox 815 2294 863 2357; x_wconf 84' lang='lat' dir='ltr'><strong>las</strong></span> <span class='ocrx_word' id='word_1_156' title='bbox 887 2295 1004 2356; x_wconf 86' lang='lat' dir='ltr'><strong>bellum</strong></span> <span class='ocrx_word' id='word_1_157' title='bbox 1028 2294 1183 2358; x_wconf 90' lang='lat' dir='ltr'><strong>intulisset</strong></span> <span class='ocrx_word' id='word_1_158' title='bbox 1212 2306 1244 2359; x_wconf 93' lang='lat' dir='ltr'><strong>et</strong></span> <span class='ocrx_word' id='word_1_159' title='bbox 1271 2308 1404 2378; x_wconf 86' lang='lat' dir='ltr'><strong>pacatos</strong></span> <span class='ocrx_word' id='word_1_160' title='bbox 1429 2296 1464 2355; x_wconf 76' lang='lat' dir='ltr'><strong>acl</strong></span> <span class='ocrx_word' id='word_1_161' title='bbox 1483 2286 1595 2354; x_wconf 64' lang='lat' dir='ltr'><strong>retem*</strong></span> 
     </span>
     <span class='ocr_line' id='line_1_20' title="bbox 226 2385 1585 2471; baseline -0.004 -19"><span class='ocrx_word' id='word_1_162' title='bbox 226 2448 231 2457; x_wconf 87' lang='grc'><em>,</em></span> <span class='ocrx_word' id='word_1_163' title='bbox 327 2387 504 2463; x_wconf 78' lang='lat' dir='ltr'><strong>incitasset,</strong></span> <span class='ocrx_word' id='word_1_164' title='bbox 529 2390 585 2451; x_wconf 89' lang='lat' dir='ltr'><strong>sed</strong></span> <span class='ocrx_word' id='word_1_165' title='bbox 605 2387 768 2463; x_wconf 81' lang='lat' dir='ltr'><strong>eonsules,</strong></span> <span class='ocrx_word' id='word_1_166' title='bbox 793 2389 880 2471; x_wconf 82' lang='lat' dir='ltr'><strong>qrrod</strong></span> <span class='ocrx_word' id='word_1_167' title='bbox 901 2409 966 2452; x_wconf 87' lang='lat' dir='ltr'><strong>oon</strong></span> <span class='ocrx_word' id='word_1_168' title='bbox 988 2388 1114 2451; x_wconf 85' lang='lat' dir='ltr'><strong>exirent</strong></span> <span class='ocrx_word' id='word_1_169' title='bbox 1131 2388 1163 2450; x_wconf 94' lang='lat' dir='ltr'><strong>in</strong></span> <span class='ocrx_word' id='word_1_170' title='bbox 1184 2388 1403 2471; x_wconf 84' lang='lat' dir='ltr'><strong>provinciam,</strong></span> <span class='ocrx_word' id='word_1_171' title='bbox 1426 2389 1455 2455; x_wconf 87' lang='lat' dir='ltr'><strong>in</strong></span> <span class='ocrx_word' id='word_1_172' title='bbox 1475 2385 1585 2451; x_wconf 69' lang='lat' dir='ltr'><strong>senatuis·</strong></span> 
     </span>
     <span class='ocr_line' id='line_1_21' title="bbox 328 2477 1584 2566; baseline -0.005 -20"><span class='ocrx_word' id='word_1_173' title='bbox 328 2483 458 2566; x_wconf 88' lang='lat' dir='ltr'><strong>crepiti.</strong></span> <span class='ocrx_word' id='word_1_174' title='bbox 481 2483 546 2545; x_wconf 90' lang='lat' dir='ltr'><strong>hoc</strong></span> <span class='ocrx_word' id='word_1_175' title='bbox 569 2503 726 2546; x_wconf 87' lang='lat' dir='ltr'><strong>consensu</strong></span> <span class='ocrx_word' id='word_1_176' title='bbox 749 2493 874 2563; x_wconf 87' lang='lat' dir='ltr'><strong>patrum</strong></span> <span class='ocrx_word' id='word_1_177' title='bbox 898 2483 1020 2545; x_wconf 84' lang='lat' dir='ltr'><strong>accensi</strong></span> <span class='ocrx_word' id='word_1_178' title='bbox 1043 2485 1098 2547; x_wconf 91' lang='lat' dir='ltr'><strong>M.</strong></span> <span class='ocrx_word' id='word_1_179' title='bbox 1121 2485 1283 2548; x_wconf 85' lang='lat' dir='ltr'><strong>Murrius</strong></span> <span class='ocrx_word' id='word_1_180' title='bbox 1303 2487 1427 2548; x_wconf 78' lang='lat' dir='ltr'><strong>Sermo</strong></span> <span class='ocrx_word' id='word_1_181' title='bbox 1447 2477 1584 2561; x_wconf 57' lang='lat' dir='ltr'><strong>etalio·</strong></span> 
     </span>
     <span class='ocr_line' id='line_1_22' title="bbox 327 2564 1583 2664; baseline -0.005 -24"><span class='ocrx_word' id='word_1_182' title='bbox 327 2574 545 2664; x_wconf 67' lang='lat' dir='ltr'><strong>eiue⁸3ryllo</strong></span> <span class='ocrx_word' id='word_1_183' title='bbox 567 2576 685 2639; x_wconf 89' lang='lat' dir='ltr'><strong>tribuni</strong></span> <span class='ocrx_word' id='word_1_184' title='bbox 714 2576 817 2658; x_wconf 89' lang='lat' dir='ltr'><strong>plebis</strong></span> <span class='ocrx_word' id='word_1_185' title='bbox 847 2588 879 2639; x_wconf 94' lang='lat' dir='ltr'><strong>et</strong></span> <span class='ocrx_word' id='word_1_186' title='bbox 908 2578 1091 2640; x_wconf 85' lang='lat' dir='ltr'><strong>oonsulibus</strong></span> <span class='ocrx_word' id='word_1_187' title='bbox 1118 2578 1245 2640; x_wconf 81' lang='lat' dir='ltr'><strong>mrrltam</strong></span> <span class='ocrx_word' id='word_1_188' title='bbox 1272 2598 1307 2640; x_wconf 94' lang='lat' dir='ltr'><strong>se</strong></span> <span class='ocrx_word' id='word_1_189' title='bbox 1337 2578 1490 2648; x_wconf 86' lang='lat' dir='ltr'><strong>dicturos,</strong></span> <span class='ocrx_word' id='word_1_190' title='bbox 1517 2564 1583 2634; x_wconf 72' lang='lat' dir='ltr'><strong>utsii</strong></span> 
     </span>
     <span class='ocr_line' id='line_1_23' title="bbox 327 2662 1583 2755; baseline -0.004 -22"><span class='ocrx_word' id='word_1_191' title='bbox 327 2671 526 2754; x_wconf 83' lang='lat' dir='ltr'><strong>provinciam</strong></span> <span class='ocrx_word' id='word_1_192' title='bbox 549 2670 692 2746; x_wconf 81' lang='lat' dir='ltr'><strong>exirent,</strong></span> <span class='ocrx_word' id='word_1_193' title='bbox 726 2671 965 2747; x_wconf 82' lang='lat' dir='ltr'><strong>deosmtiartmt,</strong></span> <span class='ocrx_word' id='word_1_194' title='bbox 1000 2682 1032 2734; x_wconf 91' lang='lat' dir='ltr'><strong>et</strong></span> <span class='ocrx_word' id='word_1_195' title='bbox 1059 2671 1262 2755; x_wconf 80' lang='lat' dir='ltr'><strong>rogationem</strong></span> <span class='ocrx_word' id='word_1_196' title='bbox 1286 2692 1382 2753; x_wconf 86' lang='lat' dir='ltr'><strong>quam</strong></span> <span class='ocrx_word' id='word_1_197' title='bbox 1412 2672 1449 2733; x_wconf 87' lang='lat' dir='ltr'><strong>(le</strong></span> <span class='ocrx_word' id='word_1_198' title='bbox 1472 2662 1583 2750; x_wconf 59' lang='lat' dir='ltr'><strong>Ligurio</strong></span> 
     </span>
     <span class='ocr_line' id='line_1_24' title="bbox 329 2752 1582 2849; baseline -0.008 -21"><span class='ocrx_word' id='word_1_199' title='bbox 329 2752 442 2828; x_wconf 80' lang='lat' dir='ltr'><strong>dedilis</strong></span> <span class='ocrx_word' id='word_1_200' title='bbox 458 2766 668 2849; x_wconf 85' lang='lat' dir='ltr'><strong>promulgare</strong></span> <span class='ocrx_word' id='word_1_201' title='bbox 686 2765 717 2828; x_wconf 91' lang='lat' dir='ltr'><strong>in</strong></span> <span class='ocrx_word' id='word_1_202' title='bbox 738 2766 842 2829; x_wconf 86' lang='lat' dir='ltr'><strong>animo</strong></span> <span class='ocrx_word' id='word_1_203' title='bbox 858 2758 1029 2838; x_wconf 82' lang='lat' dir='ltr'><strong>haberent,</strong></span> <span class='ocrx_word' id='word_1_204' title='bbox 1053 2764 1085 2828; x_wconf 90' lang='lat' dir='ltr'><strong>io</strong></span> <span class='ocrx_word' id='word_1_205' title='bbox 1101 2778 1211 2828; x_wconf 89' lang='lat' dir='ltr'><strong>senatu</strong></span> <span class='ocrx_word' id='word_1_206' title='bbox 1232 2766 1430 2843; x_wconf 76' lang='lat' dir='ltr'><strong>recitarunt.</strong></span> <span class='ocrx_word' id='word_1_207' title='bbox 1448 2760 1582 2826; x_wconf 71' lang='lat' dir='ltr'><strong>sinuetur</strong></span> 
     </span>
     <span class='ocr_line' id='line_1_25' title="bbox 326 2846 1581 2942; baseline -0.006 -18"><span class='ocrx_word' id='word_1_208' title='bbox 326 2872 364 2924; x_wconf 86' lang='lat' dir='ltr'><strong>ut</strong></span> <span class='ocrx_word' id='word_1_209' title='bbox 387 2859 440 2942; x_wconf 84' lang='lat' dir='ltr'><strong>qui</strong></span> <span class='ocrx_word' id='word_1_210' title='bbox 460 2880 500 2922; x_wconf 83' lang='lat' dir='ltr'><strong>ex</strong></span> <span class='ocrx_word' id='word_1_211' title='bbox 520 2859 659 2923; x_wconf 83' lang='lat' dir='ltr'><strong>Statellis</strong></span> <span class='ocrx_word' id='word_1_212' title='bbox 683 2859 794 2923; x_wconf 88' lang='lat' dir='ltr'><strong>deditis</strong></span> <span class='ocrx_word' id='word_1_213' title='bbox 816 2859 848 2922; x_wconf 92' lang='lat' dir='ltr'><strong>in</strong></span> <span class='ocrx_word' id='word_1_214' title='bbox 871 2858 1050 2923; x_wconf 81' lang='lat' dir='ltr'><strong>libertatem</strong></span> <span class='ocrx_word' id='word_1_215' title='bbox 1069 2861 1234 2923; x_wconf 85' lang='lat' dir='ltr'><strong>restitutus</strong></span> <span class='ocrx_word' id='word_1_216' title='bbox 1256 2872 1328 2924; x_wconf 86' lang='lat' dir='ltr'><strong>ante</strong></span> <span class='ocrx_word' id='word_1_217' title='bbox 1351 2860 1492 2925; x_wconf 80' lang='lat' dir='ltr'><strong>kalendas</strong></span> <span class='ocrx_word' id='word_1_218' title='bbox 1504 2846 1581 2917; x_wconf 66' lang='lat' dir='ltr'><strong>sertis</strong></span> 
     </span>
     <span class='ocr_line' id='line_1_26' title="bbox 327 2938 1580 3037; baseline -0.01 -21"><span class='ocrx_word' id='word_1_219' title='bbox 327 2954 447 3037; x_wconf 86' lang='lat' dir='ltr'><strong>primas</strong></span> <span class='ocrx_word' id='word_1_220' title='bbox 469 2974 532 3016; x_wconf 90' lang='lat' dir='ltr'><strong>non</strong></span> <span class='ocrx_word' id='word_1_221' title='bbox 553 2965 652 3029; x_wconf 90' lang='lat' dir='ltr'><strong>esset,</strong></span> <span class='ocrx_word' id='word_1_222' title='bbox 677 2955 765 3016; x_wconf 88' lang='lat' dir='ltr'><strong>cuius</strong></span> <span class='ocrx_word' id='word_1_223' title='bbox 786 2953 862 3017; x_wconf 88' lang='lat' dir='ltr'><strong>dolo</strong></span> <span class='ocrx_word' id='word_1_224' title='bbox 886 2954 967 3018; x_wconf 86' lang='lat' dir='ltr'><strong>malo</strong></span> <span class='ocrx_word' id='word_1_225' title='bbox 990 2952 1017 3015; x_wconf 91' lang='lat' dir='ltr'><strong>is</strong></span> <span class='ocrx_word' id='word_1_226' title='bbox 1038 2952 1069 3015; x_wconf 90' lang='lat' dir='ltr'><strong>in</strong></span> <span class='ocrx_word' id='word_1_227' title='bbox 1091 2938 1277 3017; x_wconf 81' lang='lat' dir='ltr'><strong>servitutem</strong></span> <span class='ocrx_word' id='word_1_228' title='bbox 1297 2955 1454 3029; x_wconf 83' lang='lat' dir='ltr'><strong>venisset,</strong></span> <span class='ocrx_word' id='word_1_229' title='bbox 1476 2946 1580 3013; x_wconf 78' lang='lat' dir='ltr'><strong>orium</strong></span> 
     </span>
     <span class='ocr_line' id='line_1_27' title="bbox 309 3046 1579 3133; baseline -0.005 -22"><span class='ocrx_word' id='word_1_230' title='bbox 309 3060 457 3125; x_wconf 46' lang='lat' dir='ltr'><strong>,senatus</strong></span> <span class='ocrx_word' id='word_1_231' title='bbox 480 3050 665 3110; x_wconf 84' lang='lat' dir='ltr'><strong>decerneret</strong></span> <span class='ocrx_word' id='word_1_232' title='bbox 687 3048 740 3131; x_wconf 80' lang='lat' dir='ltr'><strong>qtri</strong></span> <span class='ocrx_word' id='word_1_233' title='bbox 757 3068 824 3110; x_wconf 79' lang='lat' dir='ltr'><strong>eant</strong></span> <span class='ocrx_word' id='word_1_234' title='bbox 842 3068 908 3111; x_wconf 87' lang='lat' dir='ltr'><strong>rem</strong></span> <span class='ocrx_word' id='word_1_235' title='bbox 928 3060 1096 3130; x_wconf 84' lang='lat' dir='ltr'><strong>qrsaereret</strong></span> <span class='ocrx_word' id='word_1_236' title='bbox 1116 3048 1464 3133; x_wconf 85' lang='lat' dir='ltr'><strong>animadverteretque.</strong></span> <span class='ocrx_word' id='word_1_237' title='bbox 1485 3046 1579 3105; x_wconf 69' lang='lat' dir='ltr'><strong>exstit</strong></span> 
     </span>
     <span class='ocr_line' id='line_1_28' title="bbox 327 3135 1574 3227; baseline -0.002 -24"><span class='ocrx_word' id='word_1_238' title='bbox 327 3140 422 3204; x_wconf 86' lang='lat' dir='ltr'><strong>ritate</strong></span> <span class='ocrx_word' id='word_1_239' title='bbox 455 3142 564 3205; x_wconf 83' lang='lat' dir='ltr'><strong>deinde</strong></span> <span class='ocrx_word' id='word_1_240' title='bbox 593 3153 722 3205; x_wconf 87' lang='lat' dir='ltr'><strong>senatus</strong></span> <span class='ocrx_word' id='word_1_241' title='bbox 746 3163 813 3204; x_wconf 89' lang='lat' dir='ltr'><strong>eam</strong></span> <span class='ocrx_word' id='word_1_242' title='bbox 843 3144 1043 3226; x_wconf 83' lang='lat' dir='ltr'><strong>rogationem</strong></span> <span class='ocrx_word' id='word_1_243' title='bbox 1078 3144 1335 3227; x_wconf 85' lang='lat' dir='ltr'><strong>promulgarunt.</strong></span> <span class='ocrx_word' id='word_1_244' title='bbox 1360 3186 1403 3198; x_wconf 91' lang='lat'>-</span> <span class='ocrx_word' id='word_1_245' title='bbox 1439 3135 1574 3223; x_wconf 74' lang='lat' dir='ltr'><strong>uagom·</strong></span> 
     </span>
     <span class='ocr_line' id='line_1_29' title="bbox 327 3216 1569 3320; baseline -0.006 -18"><span class='ocrx_word' id='word_1_246' title='bbox 327 3235 506 3302; x_wconf 77' lang='lat' dir='ltr'><strong>Marcium</strong></span> <span class='ocrx_word' id='word_1_247' title='bbox 528 3238 565 3299; x_wconf 88' lang='lat' dir='ltr'><strong>de</strong></span> <span class='ocrx_word' id='word_1_248' title='bbox 581 3236 758 3318; x_wconf 82' lang='lat' dir='ltr'><strong>Liguribus</strong></span> <span class='ocrx_word' id='word_1_249' title='bbox 783 3257 899 3320; x_wconf 86' lang='lat' dir='ltr'><strong>magno</strong></span> <span class='ocrx_word' id='word_1_250' title='bbox 919 3256 1075 3300; x_wconf 85' lang='lat' dir='ltr'><strong>consensu</strong></span> <span class='ocrx_word' id='word_1_251' title='bbox 1097 3237 1208 3317; x_wconf 87' lang='lat' dir='ltr'><strong>plebes</strong></span> <span class='ocrx_word' id='word_1_252' title='bbox 1228 3238 1320 3301; x_wconf 84' lang='lat' dir='ltr'><strong>scirit</strong></span> <span class='ocrx_word' id='word_1_253' title='bbox 1345 3236 1503 3320; x_wconf 85' lang='lat' dir='ltr'><strong>iussitque.</strong></span> <span class='ocrx_word' id='word_1_254' title='bbox 1520 3216 1569 3280; x_wconf 71' lang='lat' dir='ltr'><strong>-l</strong></span> 
     </span>
     <span class='ocr_line' id='line_1_30' title="bbox 328 3326 1568 3415; baseline -0.005 -21"><span class='ocrx_word' id='word_1_255' title='bbox 328 3329 487 3410; x_wconf 88' lang='lat' dir='ltr'><strong>Popillius</strong></span> <span class='ocrx_word' id='word_1_256' title='bbox 513 3331 682 3415; x_wconf 83' lang='lat' dir='ltr'><strong>rogatione</strong></span> <span class='ocrx_word' id='word_1_257' title='bbox 710 3331 853 3397; x_wconf 85' lang='lat' dir='ltr'><strong>Marcio</strong></span> <span class='ocrx_word' id='word_1_258' title='bbox 874 3331 922 3395; x_wconf 90' lang='lat' dir='ltr'><strong>bis</strong></span> <span class='ocrx_word' id='word_1_259' title='bbox 948 3333 1032 3412; x_wconf 80' lang='lat' dir='ltr'><strong>apud</strong></span> <span class='ocrx_word' id='word_1_260' title='bbox 1059 3329 1101 3394; x_wconf 89' lang='lat' dir='ltr'><strong>C.</strong></span> <span class='ocrx_word' id='word_1_261' title='bbox 1132 3331 1289 3394; x_wconf 85' lang='lat' dir='ltr'><strong>Licinium</strong></span> <span class='ocrx_word' id='word_1_262' title='bbox 1312 3334 1516 3413; x_wconf 88' lang='lat' dir='ltr'><strong>(praetorem,</strong></span> <span class='ocrx_word' id='word_1_263' title='bbox 1532 3326 1568 3398; x_wconf 65' lang='grc' dir='ltr'><strong><em>Ρ</em></strong></span> 
     </span>
     <span class='ocr_line' id='line_1_31' title="bbox 328 3422 1571 3509; baseline 0 -23"><span class='ocrx_word' id='word_1_264' title='bbox 328 3445 366 3486; x_wconf 91' lang='lat' dir='ltr'><strong>ea</strong></span> <span class='ocrx_word' id='word_1_265' title='bbox 395 3424 564 3509; x_wconf 83' lang='lat' dir='ltr'><strong>rogatione</strong></span> <span class='ocrx_word' id='word_1_266' title='bbox 595 3446 750 3509; x_wconf 82' lang='lat' dir='ltr'><strong>qrraerere</strong></span> <span class='ocrx_word' id='word_1_267' title='bbox 771 3437 878 3507; x_wconf 88' lang='lat' dir='ltr'><strong>patres</strong></span> <span class='ocrx_word' id='word_1_268' title='bbox 905 3425 1074 3503; x_wconf 90' lang='lat' dir='ltr'><strong>iusserant)</strong></span> <span class='ocrx_word' id='word_1_269' title='bbox 1097 3445 1221 3487; x_wconf 86' lang='lat' dir='ltr'><strong>causam</strong></span> <span class='ocrx_word' id='word_1_270' title='bbox 1250 3424 1348 3487; x_wconf 75' lang='lat' dir='ltr'><strong>dixit:</strong></span> <span class='ocrx_word' id='word_1_271' title='bbox 1382 3424 1475 3487; x_wconf 90' lang='lat' dir='ltr'><strong>tertio</strong></span> <span class='ocrx_word' id='word_1_272' title='bbox 1498 3422 1571 3500; x_wconf 68' lang='lat' dir='ltr'><strong>prot·</strong></span> 
     </span>
     <span class='ocr_line' id='line_1_32' title="bbox 328 3500 1575 3603; baseline -0.003 -22"><span class='ocrx_word' id='word_1_273' title='bbox 328 3518 432 3603; x_wconf 79' lang='lat' dir='ltr'><strong>gratia</strong></span> <span class='ocrx_word' id='word_1_274' title='bbox 465 3518 606 3583; x_wconf 87' lang='lat' dir='ltr'><strong>consulis</strong></span> <span class='ocrx_word' id='word_1_275' title='bbox 638 3521 779 3584; x_wconf 84' lang='lat' dir='ltr'><strong>absentis</strong></span> <span class='ocrx_word' id='word_1_276' title='bbox 806 3532 838 3583; x_wconf 92' lang='lat' dir='ltr'><strong>et</strong></span> <span class='ocrx_word' id='word_1_277' title='bbox 868 3519 1027 3601; x_wconf 87' lang='lat' dir='ltr'><strong>Popilliae</strong></span> <span class='ocrx_word' id='word_1_278' title='bbox 1051 3517 1187 3583; x_wconf 79' lang='lat' dir='ltr'><strong>familiae</strong></span> <span class='ocrx_word' id='word_1_279' title='bbox 1213 3520 1365 3602; x_wconf 83' lang='lat' dir='ltr'><strong>precibus</strong></span> <span class='ocrx_word' id='word_1_280' title='bbox 1392 3518 1502 3588; x_wconf 88' lang='lat' dir='ltr'><strong>victus,</strong></span> <span class='ocrx_word' id='word_1_281' title='bbox 1528 3500 1575 3569; x_wconf 58' lang='lat' dir='ltr'><strong>il*</strong></span> 
     </span>
     <span class='ocr_line' id='line_1_33' title="bbox 328 3596 1578 3697; baseline -0.009 -20"><span class='ocrx_word' id='word_1_282' title='bbox 328 3612 458 3677; x_wconf 85' lang='lat' dir='ltr'><strong>Martiis</strong></span> <span class='ocrx_word' id='word_1_283' title='bbox 484 3617 594 3677; x_wconf 83' lang='lat' dir='ltr'><strong>adesse</strong></span> <span class='ocrx_word' id='word_1_284' title='bbox 616 3634 704 3676; x_wconf 89' lang='lat' dir='ltr'><strong>reum</strong></span> <span class='ocrx_word' id='word_1_285' title='bbox 731 3615 839 3690; x_wconf 89' lang='lat' dir='ltr'><strong>iussit,</strong></span> <span class='ocrx_word' id='word_1_286' title='bbox 864 3635 928 3696; x_wconf 90' lang='lat' dir='ltr'><strong>qoo</strong></span> <span class='ocrx_word' id='word_1_287' title='bbox 951 3613 1000 3676; x_wconf 85' lang='lat' dir='ltr'><strong>die</strong></span> <span class='ocrx_word' id='word_1_288' title='bbox 1022 3611 1099 3674; x_wconf 85' lang='lat' dir='ltr'><strong>novi</strong></span> <span class='ocrx_word' id='word_1_289' title='bbox 1126 3612 1327 3697; x_wconf 82' lang='lat' dir='ltr'><strong>magistratus</strong></span> <span class='ocrx_word' id='word_1_290' title='bbox 1350 3596 1578 3676; x_wconf 69' lang='lat' dir='ltr'><strong>introierant*</strong></span> 
     </span>
    </p>
   </div>
   <div class='ocr_carea' id='block_1_6' title="bbox 230 3688 1579 3792">
    <p class='ocr_par' dir='ltr' id='par_1_7' title="bbox 230 3688 1579 3792">
     <span class='ocr_line' id='line_1_34' title="bbox 230 3688 1579 3792; baseline 0.001 -22"><span class='ocrx_word' id='word_1_291' title='bbox 230 3736 233 3743; x_wconf 58' lang='lat'>&gt;</span> <span class='ocrx_word' id='word_1_292' title='bbox 327 3728 457 3782; x_wconf 89' lang='lat' dir='ltr'><strong>norem,</strong></span> <span class='ocrx_word' id='word_1_293' title='bbox 483 3729 521 3770; x_wconf 89' lang='lat' dir='ltr'><strong>oe</strong></span> <span class='ocrx_word' id='word_1_294' title='bbox 543 3708 663 3771; x_wconf 81' lang='lat' dir='ltr'><strong>diceret</strong></span> <span class='ocrx_word' id='word_1_295' title='bbox 684 3709 732 3771; x_wconf 89' lang='lat' dir='ltr'><strong>ius</strong></span> <span class='ocrx_word' id='word_1_296' title='bbox 755 3708 811 3792; x_wconf 89' lang='lat' dir='ltr'><strong>qui</strong></span> <span class='ocrx_word' id='word_1_297' title='bbox 836 3707 979 3789; x_wconf 78' lang='lat' dir='ltr'><strong>privatus</strong></span> <span class='ocrx_word' id='word_1_298' title='bbox 1002 3708 1129 3772; x_wconf 84' lang='lat' dir='ltr'><strong>loturus</strong></span> <span class='ocrx_word' id='word_1_299' title='bbox 1151 3719 1254 3772; x_wconf 88' lang='lat' dir='ltr'><strong>esset.</strong></span> <span class='ocrx_word' id='word_1_300' title='bbox 1277 3708 1320 3770; x_wconf 89' lang='lat' dir='ltr'><strong>ita</strong></span> <span class='ocrx_word' id='word_1_301' title='bbox 1343 3705 1468 3792; x_wconf 86' lang='lat' dir='ltr'><strong>rogatio</strong></span> <span class='ocrx_word' id='word_1_302' title='bbox 1488 3688 1579 3771; x_wconf 58' lang='grc' dir='ltr'><strong>ΜΡ</strong></span> 
     </span>
    </p>
   </div>
   <div class='ocr_carea' id='block_1_7' title="bbox 326 3800 1438 3947">
    <p class='ocr_par' dir='ltr' id='par_1_8' title="bbox 326 3800 1438 3947">
     <span class='ocr_line' id='line_1_35' title="bbox 326 3800 1277 3867; baseline 0.002 -2"><span class='ocrx_word' id='word_1_303' title='bbox 326 3801 415 3866; x_wconf 88' lang='lat' dir='ltr'><strong>ribus</strong></span> <span class='ocrx_word' id='word_1_304' title='bbox 437 3814 504 3865; x_wconf 86' lang='lat' dir='ltr'><strong>arte</strong></span> <span class='ocrx_word' id='word_1_305' title='bbox 524 3801 633 3867; x_wconf 82' lang='lat' dir='ltr'><strong>fallaci</strong></span> <span class='ocrx_word' id='word_1_306' title='bbox 655 3803 740 3866; x_wconf 87' lang='lat' dir='ltr'><strong>elusa</strong></span> <span class='ocrx_word' id='word_1_307' title='bbox 762 3801 845 3865; x_wconf 90' lang='lat' dir='ltr'><strong>est.’&#39;</strong></span> <span class='ocrx_word' id='word_1_308' title='bbox 877 3800 956 3865; x_wconf 85' lang='lat' dir='ltr'><strong>Lir.</strong></span> <span class='ocrx_word' id='word_1_309' title='bbox 978 3803 1095 3867; x_wconf 85' lang='lat' dir='ltr'><strong>XLII.</strong></span> <span class='ocrx_word' id='word_1_310' title='bbox 1119 3804 1173 3866; x_wconf 92' lang='grc'><strong>22.</strong></span> <span class='ocrx_word' id='word_1_311' title='bbox 1275 3826 1277 3830; x_wconf 61' lang='grc'><strong>“</strong></span> 
     </span>
     <span class='ocr_line' id='line_1_36' title="bbox 1419 3912 1438 3947; baseline 0 0"><span class='ocrx_word' id='word_1_312' title='bbox 1419 3912 1438 3947; x_wconf 64' lang='lat' dir='ltr'>Q</span> 
     </span>
    </p>
   </div>
   <div class='ocr_carea' id='block_1_8' title="bbox 243 3956 1584 4921">
    <p class='ocr_par' dir='ltr' id='par_1_9' title="bbox 827 3956 1224 4047">
     <span class='ocr_line' id='line_1_37' title="bbox 827 3956 1224 4047; baseline 0.005 -22"><span class='ocrx_word' id='word_1_313' title='bbox 827 3963 966 4026; x_wconf 76' lang='lat' dir='ltr'><strong>Mancre</strong></span> <span class='ocrx_word' id='word_1_314' title='bbox 987 3963 1146 4047; x_wconf 65' lang='lat' dir='ltr'><strong>agreria.</strong></span> <span class='ocrx_word' id='word_1_315' title='bbox 1202 3956 1224 4041; x_wconf 62' lang='grc'><strong>’,</strong></span> 
     </span>
    </p>

    <p class='ocr_par' dir='ltr' id='par_1_10' title="bbox 276 4066 1584 4733">
     <span class='ocr_line' id='line_1_38' title="bbox 413 4066 1582 4176; baseline -0.012 -27"><span class='ocrx_word' id='word_1_316' title='bbox 413 4085 476 4167; x_wconf 86' lang='lat' dir='ltr'><strong>„Io</strong></span> <span class='ocrx_word' id='word_1_317' title='bbox 497 4084 605 4167; x_wconf 85' lang='lat' dir='ltr'><strong>prioris</strong></span> <span class='ocrx_word' id='word_1_318' title='bbox 621 4097 723 4147; x_wconf 89' lang='lat' dir='ltr'><strong>autem</strong></span> <span class='ocrx_word' id='word_1_319' title='bbox 744 4085 911 4150; x_wconf 85' lang='lat' dir='ltr'><strong>ridendum</strong></span> <span class='ocrx_word' id='word_1_320' title='bbox 931 4084 992 4148; x_wconf 90' lang='lat' dir='ltr'><strong>erit</strong></span> <span class='ocrx_word' id='word_1_321' title='bbox 1011 4085 1058 4159; x_wconf 93' lang='lat' dir='ltr'><strong>ei,</strong></span> <span class='ocrx_word' id='word_1_322' title='bbox 1082 4084 1137 4169; x_wconf 87' lang='lat' dir='ltr'><strong>qui</strong></span> <span class='ocrx_word' id='word_1_323' title='bbox 1152 4106 1217 4148; x_wconf 88' lang='lat' dir='ltr'><strong>rem</strong></span> <span class='ocrx_word' id='word_1_324' title='bbox 1232 4083 1393 4165; x_wconf 81' lang='lat' dir='ltr'><strong>publicam</strong></span> <span class='ocrx_word' id='word_1_325' title='bbox 1409 4066 1582 4176; x_wconf 61' lang='lat' dir='ltr'><strong>administrabit</strong></span> 
     </span>
     <span class='ocr_line' id='line_1_39' title="bbox 276 4166 1584 4265; baseline -0.008 -24"><span class='ocrx_word' id='word_1_326' title='bbox 276 4224 279 4229; x_wconf 62' lang='grc'>«</span> <span class='ocrx_word' id='word_1_327' title='bbox 326 4191 362 4241; x_wconf 93' lang='lat' dir='ltr'><strong>ut</strong></span> <span class='ocrx_word' id='word_1_328' title='bbox 391 4201 480 4242; x_wconf 88' lang='lat' dir='ltr'><strong>snum</strong></span> <span class='ocrx_word' id='word_1_329' title='bbox 504 4180 638 4265; x_wconf 82' lang='lat' dir='ltr'><strong>qtrisqne</strong></span> <span class='ocrx_word' id='word_1_330' title='bbox 665 4191 770 4243; x_wconf 89' lang='lat' dir='ltr'><strong>teneat</strong></span> <span class='ocrx_word' id='word_1_331' title='bbox 800 4201 903 4263; x_wconf 87' lang='lat' dir='ltr'><strong>neque</strong></span> <span class='ocrx_word' id='word_1_332' title='bbox 928 4180 967 4242; x_wconf 88' lang='lat' dir='ltr'><strong>do</strong></span> <span class='ocrx_word' id='word_1_333' title='bbox 994 4180 1087 4242; x_wconf 88' lang='lat' dir='ltr'><strong>bonis</strong></span> <span class='ocrx_word' id='word_1_334' title='bbox 1108 4180 1305 4260; x_wconf 85' lang='lat' dir='ltr'><strong>privatorum</strong></span> <span class='ocrx_word' id='word_1_335' title='bbox 1331 4178 1455 4262; x_wconf 87' lang='lat' dir='ltr'><strong>publice</strong></span> <span class='ocrx_word' id='word_1_336' title='bbox 1473 4166 1584 4263; x_wconf 63' lang='lat' dir='ltr'><strong>deorum·</strong></span> 
     </span>
     <span class='ocr_line' id='line_1_40' title="bbox 326 4260 1584 4358; baseline -0.001 -23"><span class='ocrx_word' id='word_1_337' title='bbox 326 4272 396 4336; x_wconf 85' lang='lat' dir='ltr'><strong>fiat.</strong></span> <span class='ocrx_word' id='word_1_338' title='bbox 439 4274 629 4344; x_wconf 79' lang='lat' dir='ltr'><strong>Perniciose</strong></span> <span class='ocrx_word' id='word_1_339' title='bbox 660 4273 740 4336; x_wconf 86' lang='lat' dir='ltr'><strong>enim</strong></span> <span class='ocrx_word' id='word_1_340' title='bbox 769 4274 947 4357; x_wconf 76' lang='lat' dir='ltr'><strong>Philippus</strong></span> <span class='ocrx_word' id='word_1_341' title='bbox 973 4271 1003 4336; x_wconf 91' lang='lat' dir='ltr'><strong>in</strong></span> <span class='ocrx_word' id='word_1_342' title='bbox 1031 4274 1208 4348; x_wconf 85' lang='lat' dir='ltr'><strong>tribunatu,</strong></span> <span class='ocrx_word' id='word_1_343' title='bbox 1240 4295 1311 4339; x_wconf 89' lang='lat' dir='ltr'><strong>cum</strong></span> <span class='ocrx_word' id='word_1_344' title='bbox 1343 4272 1442 4358; x_wconf 83' lang='lat' dir='ltr'><strong>legem</strong></span> <span class='ocrx_word' id='word_1_345' title='bbox 1465 4260 1584 4347; x_wconf 60' lang='lat' dir='ltr'><strong>agrum</strong></span> 
     </span>
     <span class='ocr_line' id='line_1_41' title="bbox 309 4352 1584 4451; baseline -0.012 -24"><span class='ocrx_word' id='word_1_346' title='bbox 309 4366 443 4442; x_wconf 66' lang='lat' dir='ltr'><strong>leuet,</strong></span> <span class='ocrx_word' id='word_1_347' title='bbox 467 4388 561 4450; x_wconf 81' lang='lat' dir='ltr'><strong>qtsam</strong></span> <span class='ocrx_word' id='word_1_348' title='bbox 586 4377 689 4430; x_wconf 89' lang='lat' dir='ltr'><strong>tameo</strong></span> <span class='ocrx_word' id='word_1_349' title='bbox 713 4368 869 4451; x_wconf 85' lang='lat' dir='ltr'><strong>antiquari</strong></span> <span class='ocrx_word' id='word_1_350' title='bbox 891 4366 986 4431; x_wconf 85' lang='lat' dir='ltr'><strong>lacile</strong></span> <span class='ocrx_word' id='word_1_351' title='bbox 1009 4388 1120 4448; x_wconf 88' lang='lat' dir='ltr'><strong>passus</strong></span> <span class='ocrx_word' id='word_1_352' title='bbox 1142 4378 1241 4430; x_wconf 89' lang='lat' dir='ltr'><strong>estet</strong></span> <span class='ocrx_word' id='word_1_353' title='bbox 1267 4367 1299 4429; x_wconf 90' lang='lat' dir='ltr'><strong>io</strong></span> <span class='ocrx_word' id='word_1_354' title='bbox 1324 4387 1364 4431; x_wconf 88' lang='lat' dir='ltr'><strong>eo</strong></span> <span class='ocrx_word' id='word_1_355' title='bbox 1391 4352 1584 4450; x_wconf 65' lang='lat' dir='ltr'><strong>utentur*</strong></span> 
     </span>
     <span class='ocr_line' id='line_1_42' title="bbox 327 4436 1562 4546; baseline -0.011 -24"><span class='ocrx_word' id='word_1_356' title='bbox 327 4461 713 4542; x_wconf 75' lang='lat' dir='ltr'><strong>moderatum‘praebuit:</strong></span> <span class='ocrx_word' id='word_1_357' title='bbox 745 4463 802 4524; x_wconf 88' lang='lat' dir='ltr'><strong>sed</strong></span> <span class='ocrx_word' id='word_1_358' title='bbox 825 4483 894 4525; x_wconf 88' lang='lat' dir='ltr'><strong>cum</strong></span> <span class='ocrx_word' id='word_1_359' title='bbox 917 4461 950 4525; x_wconf 89' lang='lat' dir='ltr'><strong>in</strong></span> <span class='ocrx_word' id='word_1_360' title='bbox 977 4464 1103 4546; x_wconf 86' lang='lat' dir='ltr'><strong>agendo</strong></span> <span class='ocrx_word' id='word_1_361' title='bbox 1128 4461 1222 4524; x_wconf 87' lang='lat' dir='ltr'><strong>multa</strong></span> <span class='ocrx_word' id='word_1_362' title='bbox 1248 4460 1459 4543; x_wconf 84' lang='lat' dir='ltr'><strong>populariter,</strong></span> <span class='ocrx_word' id='word_1_363' title='bbox 1478 4463 1528 4514; x_wconf 78' lang='lat' dir='ltr'><strong>triu</strong></span> <span class='ocrx_word' id='word_1_364' title='bbox 1542 4436 1562 4500; x_wconf 79' lang='lat' dir='ltr'><strong>ll</strong></span> 
     </span>
     <span class='ocr_line' id='line_1_43' title="bbox 327 4528 1582 4637; baseline -0.01 -21"><span class='ocrx_word' id='word_1_365' title='bbox 327 4554 426 4629; x_wconf 88' lang='lat' dir='ltr'><strong>male,</strong></span> <span class='ocrx_word' id='word_1_366' title='bbox 451 4576 514 4617; x_wconf 86' lang='lat' dir='ltr'><strong>non</strong></span> <span class='ocrx_word' id='word_1_367' title='bbox 534 4575 602 4618; x_wconf 89' lang='lat' dir='ltr'><strong>esse</strong></span> <span class='ocrx_word' id='word_1_368' title='bbox 622 4555 652 4618; x_wconf 91' lang='lat' dir='ltr'><strong>in</strong></span> <span class='ocrx_word' id='word_1_369' title='bbox 676 4554 805 4619; x_wconf 82' lang='lat' dir='ltr'><strong>civitate</strong></span> <span class='ocrx_word' id='word_1_370' title='bbox 824 4558 888 4619; x_wconf 77' lang='lat' dir='ltr'><strong>diro</strong></span> <span class='ocrx_word' id='word_1_371' title='bbox 911 4556 993 4618; x_wconf 86' lang='lat' dir='ltr'><strong>milia</strong></span> <span class='ocrx_word' id='word_1_372' title='bbox 1014 4555 1192 4630; x_wconf 84' lang='lat' dir='ltr'><strong>hominum,</strong></span> <span class='ocrx_word' id='word_1_373' title='bbox 1217 4554 1355 4637; x_wconf 75' lang='lat' dir='ltr'><strong>quirent</strong></span> <span class='ocrx_word' id='word_1_374' title='bbox 1375 4555 1519 4617; x_wconf 83' lang='lat' dir='ltr'><strong>haberent.</strong></span> <span class='ocrx_word' id='word_1_375' title='bbox 1548 4528 1582 4592; x_wconf 67' lang='grc' dir='ltr'><strong>ὓ·</strong></span> 
     </span>
     <span class='ocr_line' id='line_1_44' title="bbox 326 4636 1580 4733; baseline 0 -24"><span class='ocrx_word' id='word_1_376' title='bbox 326 4648 433 4732; x_wconf 88' lang='lat' dir='ltr'><strong>pitalis</strong></span> <span class='ocrx_word' id='word_1_377' title='bbox 458 4649 563 4713; x_wconf 89' lang='lat' dir='ltr'><strong>oratio</strong></span> <span class='ocrx_word' id='word_1_378' title='bbox 592 4662 624 4711; x_wconf 88' lang='lat' dir='ltr'><strong>et</strong></span> <span class='ocrx_word' id='word_1_379' title='bbox 648 4652 688 4712; x_wconf 83' lang='lat' dir='ltr'><strong>ad</strong></span> <span class='ocrx_word' id='word_1_380' title='bbox 714 4650 931 4732; x_wconf 86' lang='lat' dir='ltr'><strong>aequationem</strong></span> <span class='ocrx_word' id='word_1_381' title='bbox 956 4651 1122 4714; x_wconf 78' lang='lat' dir='ltr'><strong>&#39;bonorum</strong></span> <span class='ocrx_word' id='word_1_382' title='bbox 1149 4649 1330 4732; x_wconf 82' lang='lat' dir='ltr'><strong>pertinens:</strong></span> <span class='ocrx_word' id='word_1_383' title='bbox 1363 4668 1422 4733; x_wconf 87' lang='lat' dir='ltr'><strong>qna</strong></span> <span class='ocrx_word' id='word_1_384' title='bbox 1446 4648 1518 4726; x_wconf 69' lang='lat' dir='ltr'><strong>petit</strong></span> <span class='ocrx_word' id='word_1_385' title='bbox 1536 4636 1580 4710; x_wconf 82' lang='lat' dir='ltr'><strong>qut</strong></span> 
     </span>
    </p>

    <p class='ocr_par' dir='ltr' id='par_1_11' title="bbox 326 4722 1451 4826">
     <span class='ocr_line' id='line_1_45' title="bbox 326 4722 1451 4826; baseline 0.002 -21"><span class='ocrx_word' id='word_1_386' title='bbox 326 4753 435 4826; x_wconf 88' lang='lat' dir='ltr'><strong>potest</strong></span> <span class='ocrx_word' id='word_1_387' title='bbox 457 4764 527 4805; x_wconf 89' lang='lat' dir='ltr'><strong>esse</strong></span> <span class='ocrx_word' id='word_1_388' title='bbox 549 4722 701 4809; x_wconf 80' lang='lat' dir='ltr'><strong>maiorl&#39;&#39;</strong></span> <span class='ocrx_word' id='word_1_389' title='bbox 725 4748 763 4806; x_wconf 89' lang='lat' dir='ltr'><strong>de</strong></span> <span class='ocrx_word' id='word_1_390' title='bbox 786 4743 881 4807; x_wconf 80' lang='lat' dir='ltr'><strong>offic.</strong></span> <span class='ocrx_word' id='word_1_391' title='bbox 904 4742 951 4809; x_wconf 89' lang='lat' dir='ltr'><strong>ll.</strong></span> <span class='ocrx_word' id='word_1_392' title='bbox 973 4742 1031 4817; x_wconf 85' lang='grc'><strong>21,</strong></span> <span class='ocrx_word' id='word_1_393' title='bbox 1054 4743 1107 4806; x_wconf 79' lang='lat' dir='ltr'><strong>tt.</strong></span> <span class='ocrx_word' id='word_1_394' title='bbox 1436 4762 1451 4819; x_wconf 72' lang='lat' dir='ltr'><strong>t</strong></span> 
     </span>
    </p>

    <p class='ocr_par' dir='ltr' id='par_1_12' title="bbox 243 4836 1400 4921">
     <span class='ocr_line' id='line_1_46' title="bbox 243 4836 1400 4921; baseline -0.002 -20"><span class='ocrx_word' id='word_1_395' title='bbox 243 4836 247 4843; x_wconf 72' lang='grc'><strong><em>’</em></strong></span> <span class='ocrx_word' id='word_1_396' title='bbox 411 4838 473 4901; x_wconf 84' lang='lat' dir='ltr'><strong>Est</strong></span> <span class='ocrx_word' id='word_1_397' title='bbox 494 4841 536 4900; x_wconf 88' lang='lat' dir='ltr'><strong>L.</strong></span> <span class='ocrx_word' id='word_1_398' title='bbox 558 4837 690 4903; x_wconf 84' lang='lat' dir='ltr'><strong>Marcii</strong></span> <span class='ocrx_word' id='word_1_399' title='bbox 711 4837 875 4921; x_wconf 81' lang='lat' dir='ltr'><strong>Philippi,</strong></span> <span class='ocrx_word' id='word_1_400' title='bbox 898 4836 1017 4901; x_wconf 82' lang='lat' dir='ltr'><strong>tribuni</strong></span> <span class='ocrx_word' id='word_1_401' title='bbox 1039 4836 1141 4920; x_wconf 87' lang='lat' dir='ltr'><strong>plebis</strong></span> <span class='ocrx_word' id='word_1_402' title='bbox 1158 4859 1195 4902; x_wconf 84' lang='lat' dir='ltr'><strong>a.</strong></span> <span class='ocrx_word' id='word_1_403' title='bbox 1218 4856 1251 4901; x_wconf 90' lang='lat' dir='ltr'><strong>u.</strong></span> <span class='ocrx_word' id='word_1_404' title='bbox 1274 4860 1305 4903; x_wconf 88' lang='lat' dir='ltr'><strong>c.</strong></span> <span class='ocrx_word' id='word_1_405' title='bbox 1328 4836 1400 4901; x_wconf 78' lang='grc'><strong>649.</strong></span> 
     </span>
    </p>
   </div>
   <div class='ocr_carea' id='block_1_9' title="bbox 0 0 1612 5586">
    <p class='ocr_par' dir='ltr' id='par_1_13' title="bbox 0 0 1612 5586">
     <span class='ocr_line' id='line_1_47' title="bbox 0 0 1612 5586; baseline 0 2"><span class='ocrx_word' id='word_1_406' title='bbox 0 0 1612 5586; x_wconf 95' lang='lat' dir='ltr'><strong> </strong></span> 
     </span>
    </p>
   </div>
  </div>
 </body>
</html>
