3214 5586
620 365 771 434 snnnx
793 324 977 436 escon.
1149 284 1157 329 ι
1403 371 1477 459 9η

219 505 332 588 ,erid
353 518 415 571 am
434 507 649 572 necessarium
673 509 886 573 existimatum
906 521 956 574 est
974 509 1209 594 propulsandae
1231 509 1349 576 civium
1371 502 1466 576 luxu·

129 599 197 663 riae
226 621 319 682 quiam
349 601 401 665 les
431 602 566 666 Licinia
592 615 624 666 et
652 606 785 670 Fannia
813 604 956 691 aliaeque
985 605 1058 670 item
1087 605 1462 691 leges‚sumptuariaei’'

129 696 175 759 Α.
201 695 431 793 ῦεΙΙίιιεΙΧΧ.
456 700 493 774 t,
518 697 573 762 23.

301 855 436 920 Oscum
456 857 691 940 sumptuaria.

215 975 347 1051 ,Prima
371 979 509 1041 omnium
531 980 570 1041 de
588 980 695 1043 coenis
719 980 771 1044 lex
794 983 834 1045 ad
856 982 1012 1064 populum
1028 982 1159 1048 Orchia
1179 983 1347 1065 pervenit,
1368 1006 1460 1069 qrram

128 1069 201 1133 tulit
223 1073 262 1137 G.
285 1071 435 1136 orricius
457 1073 602 1137 tribunus
625 1073 727 1157 plebis
750 1077 790 1138 de
808 1088 935 1139 senatus
958 1075 1113 1140 sententia
1136 1075 1231 1141 tertio
1261 1098 1344 1142 anno
1367 1100 1461 1163 quiam

130 1160 218 1229 Cato
245 1185 362 1229 censor
391 1164 498 1230 iuerat
532 1171 576 1246 (a.
608 1190 641 1232 ιι.
669 1189 701 1232 c.
731 1169 840 1245 5ῖ2.);
875 1170 965 1233 cuins
997 1174 1092 1234 verbs
1121 1171 1196 1256 quia
1233 1172 1360 1252 prolixa
1390 1184 1464 1236 sunt

128 1269 321 1339 praetereo.
350 1283 470 1325 summa
493 1273 597 1325 autem
620 1260 688 1327 eius
716 1265 955 1346 praescribebat
980 1287 1145 1329 nnmerum
1169 1268 1401 1329 *convivarum
1429 1275 1463 1330 et

128 1353 212 1416 baec
230 1364 278 1418 est
301 1357 354 1420 lex
371 1356 518 1430 Orchia,
543 1358 581 1420 de
603 1378 664 1442 qua
682 1354 765 1422 Cato
786 1360 816 1421 in
833 1357 1033 1423 orationibus
1053 1358 1118 1422 suis
1135 1361 1350 1432 vociferatur,
1374 1362 1461 1443 qrsod
1502 1424 1504 1433 .

128 1447 239 1529 plures
255 1471 347 1532 quam
367 1451 567 1533 praescripto
583 1450 839 1515 eiuscavebatur
851 1455 888 1515 ad
901 1472 1033 1516 coenam
1057 1451 1281 1518 vocarentur.”
1307 1453 1462 1517 Masrob.

128 1542 261 1606 Satura.
286 1545 330 1609 ll.
353 1545 406 1607 13.
429 1566 464 1626 p.
488 1546 562 1608 tut.
1535 1542 1538 1547 ¹

216 1638 267 1702 M.
290 1636 448 1703 Catonem
473 1661 540 1702 earn
565 1638 701 1723 primum
731 1640 935 1717 dissuasisse,
965 1641 1120 1724 perlatam
1148 1655 1259 1725 postea
1287 1639 1462 1705 defendisse

129 1731 297 1816 colligitur
319 1755 360 1796 ex
382 1733 483 1796 Festo
511 1753 537 1798 s.
560 1757 593 1796 v.
618 1737 883 1799 Perruoctotnm
911 1747 941 1798 et
963 1735 1228 1801 obsonitavere:
1263 1756 1329 1821 qino
1356 1746 1466 1818 postc-
1506 1776 1513 1787 ·

129 1823 220 1890 riore
252 1827 325 1891 loro
354 1850 426 1891 cum
455 1826 485 1891 in
516 1840 626 1892 vetere
657 1827 781 1894 Codice
811 1831 965 1911 scriptum
993 1830 1034 1892 sit
1064 1833 1151 1895 Coto
1173 1832 1209 1894 iu
1231 1830 1394 1894 suasione
1422 1830 1465 1895 de

128 1920 206 2003 lege
227 1921 357 2001 Orchia
378 1922 630 2005 derogaretur,
665 1922 824 2005 duplicata
850 1925 940 1987 vocis
962 1923 1125 1988 suasione
1151 1941 1314 2007 postrema
1341 1928 1463 2007 syllaba

126 2012 299 2098 legendnm
324 2014 465 2079 videtur:
490 2018 577 2081 Cato
598 2017 635 2080 in
657 2018 820 2082 essasiooe
842 2030 893 2082 ne
914 2018 1052 2103 delego
1074 2020 1118 2084 Or
1126 2019 1464 2103 cltiaderogaretur.

128 2105 187 2173 Cl'.
212 2109 327 2173 Schol.
352 2110 437 2173 Bob.
461 2131 494 2191 p.
518 2109 594 2174 sto.

301 2269 437 2333 Faunus
459 2271 690 2355 sumptuaria.

184 2390 330 2475 ‘„Legi
363 2413 467 2475 nuper
494 2393 525 2456 in
555 2392 725 2476 Capitonis
752 2393 852 2457 Atteii
882 2392 1108 2460 Coniectaneis
1141 2406 1268 2460 senatus
1302 2398 1464 2462 decretum
1558 2458 1565 2463 .

129 2498 244 2560 vetus,
267 2484 309 2551 C.
334 2486 460 2550 Fannio
482 2498 513 2548 et
536 2487 588 2551 M.
608 2488 743 2553 Valeria
766 2489 910 2552 Messala
932 2510 1016 2554 coss.
1038 2491 1083 2568 (a.
1107 2511 1140 2552 u.
1161 2490 1251 2569 592.)
1274 2490 1409 2566 lactarus,
1433 2492 1463 2555 in

129 2603 196 2668 qno
225 2581 375 2643 iubentur
403 2580 563 2665 principes
591 2580 746 2656 ciuitatis,
780 2582 835 2666 qtri
866 2582 948 2645 ludis
974 2582 1216 2667 Megalensibus
1246 2583 1377 2668 antiqno
1399 2586 1464 2649 ritu

132 2678 332 2764 mutilarent,
363 2675 395 2739 id
422 2688 487 2752 est,
526 2687 631 2740 unttua
656 2677 741 2740 inter
769 2697 839 2739 sese
861 2676 1010 2761 convivia
1036 2680 1210 2759 agitarent,
1243 2676 1354 2741 iurare
1382 2681 1466 2761 apud

134 2772 281 2834 constrles
305 2772 413 2834 verbis
434 2768 617 2851 conceptis,
642 2792 705 2834 non
730 2768 864 2852 amplius
884 2767 916 2833 in
939 2769 1080 2850 singulas
1103 2791 1219 2834 coenas
1234 2782 1379 2854 asumptus
1395 2792 1465 2836 esse

135 2862 291 2939 iacttuos,
316 2872 576 2949 qsrasn'centenos
595 2863 789 2946 vicenosque
804 2863 907 2936 aeris,
932 2874 1061 2946 praeter
1076 2865 1147 2928 olus
1164 2876 1196 2926 et
1219 2864 1267 2927 isr
1288 2877 1318 2928 et
1344 2866 1463 2944 vintrus,

137 2976 240 3040 neque
262 2958 335 3021 rino
358 2959 563 3042 alienigena,
582 2960 638 3021 sed
657 2958 780 3041 patrio,
814 2978 947 3032 nemos3
978 2978 1079 3041 nenne
1105 2958 1229 3042 argenti
1253 2960 1284 3022 in
1311 2961 1464 3025 convivio

131 3050 205 3134 plus
226 3058 335 3135 pondo
358 3074 451 3137 qrtam
479 3053 576 3117 libras
606 3065 732 3115 centruu
760 3052 922 3115 illaturos.
983 3053 1065 3117 Post
1094 3052 1126 3115 id
1153 3055 1462 3117 senatusconsultum

129 3146 183 3210 lex
206 3146 339 3212 Fannia
361 3148 421 3210 lata
445 3159 511 3222 est,
536 3167 616 3230 qnae
639 3145 722 3209 ludis
745 3146 917 3221 Romanis,
941 3143 1015 3209 item
1038 3147 1118 3209 ludis
1140 3147 1273 3229 plebeiis
1296 3157 1328 3210 et
1351 3148 1463 3209 Saturn-

128 3241 271 3315 nalibns,
302 3253 333 3304 et
356 3240 425 3305 aliis
448 3243 635 3323 qtribnsdam
658 3241 786 3315 diebus,
816 3238 848 3303 in
871 3239 1015 3325 singulos
1038 3240 1104 3304 dies
1130 3251 1282 3305 centenos
1308 3241 1392 3305 aeris
1415 3242 1464 3303 in·

127 3335 210 3399 sumi
240 3335 418 3410 conrasit,
453 3337 628 3419 decemque
653 3333 724 3397 aliis
751 3335 860 3399 diebus
888 3333 921 3397 iu
949 3335 1082 3419 singulis
1109 3335 1268 3398 mensibus
1300 3337 1461 3411 tricenos3

128 3428 247 3494 ceteris
270 3442 373 3493 atatem
391 3429 538 3495 omnbus
554 3430 664 3494 diebus
678 3431 792 3493 denos.
837 3430 931 3493 Hauc
946 3428 1091 3493 Lucilius
1107 3433 1205 3512 polita
1220 3429 1326 3513 legem
1341 3426 1462 3514 signat,
1555 3438 1557 3447 '

125 3544 198 3587 cnm
221 3522 316 3587 dicit:
1098 3522 1101 3527 “

298 3649 340 3664 ·-
362 3645 403 3661 -·
426 3617 536 3683 Fauni
556 3617 791 3702 centaurisque
814 3615 974 3684 misellos.

129 3711 169 3777 In
202 3732 269 3797 quo
298 3724 489 3776 erraverunt
515 3706 655 3794 'qtsidam
680 3707 982 3776 commentariorum
1012 3707 1043 3772 in
1078 3707 1236 3773 Lucilium
1269 3708 1458 3790 scriptores,

128 3809 218 3890 quod
233 3816 442 3888 putaverunt,
466 3806 601 3870 Fannia
615 3805 686 3891 lege
702 3817 877 3889 perpetuos
898 3802 929 3865 in
945 3822 1038 3866 omne
1053 3802 1174 3865 dierum
1191 3822 1294 3888 genus
1309 3811 1461 3867 centenos

129 3898 214 3962 aeris
229 3910 379 3964 statutos.
409 3895 547 3964 Centum
569 3900 649 3964 euim
670 3898 754 3962 aeris
776 3898 928 3964 Fannius
949 3893 1127 3971 constituit,
1151 3895 1244 3963 sicuti
1263 3916 1360 3978 suprs
1380 3894 1459 3972 dixi,

128 3992 223 4059 iestis
246 3994 432 4079 quibusdam
456 3996 584 4070 diebus,
620 4014 743 4077 eosque
763 3992 853 4076 ipsos
875 3991 943 4055 dies
970 3987 1163 4052 nominavit:
1197 3990 1331 4052 aliorum
1355 3998 1460 4051 autem

44 4111 59 4123 ‘
129 4088 252 4154 dierum
284 4089 422 4155 omnium
452 4090 482 4155 in
512 4087 657 4172 singulos
684 4088 752 4151 dies
776 4097 920 4168 sumptus
942 4080 1069 4147 inclusit
1092 4080 1176 4146 iutra
1198 4083 1281 4147 aeris
1304 4081 1382 4148 alias
1404 4079 1462 4146 tri·

129 4203 246 4261 cenos,
270 4184 347 4248 alia's
368 4182 501 4249 denos.'’
542 4188 587 4246 A.
610 4180 737 4246 Gellius
757 4180 806 4245 ΙΙ.
828 4179 899 4259 at„
913 4175 1020 4242 2-6.

216 4274 324 4357 „Cum
352 4277 572 4341 anctoritatem
601 4296 705 4341 novae
728 4273 810 4358 legis
831 4284 922 4335 arscta
947 4269 1118 4336 necessitas
1144 4269 1350 4352 imploraretr
1385 4279 1462 4354 post

129 4392 246 4435 annrtm
274 4369 457 4434 vicesimum
488 4370 688 4452 [secundnm]
711 4368 792 4452 legis
817 4365 958 4433 Orchiae
979 4364 1112 4430 Fannia
1137 4364 1192 4427 lex
1217 4362 1279 4426 lata
1305 4377 1353 4429 est
1376 4384 1459 4429 anno

126 4478 205 4549 post
232 4467 366 4531 Romam
389 4464 547 4530 conditam
570 4466 740 4527 secundnm
757 4460 843 4525 Gelli
866 4459 1047 4543 opinionem
1070 4458 1324 4523 anxxllx.
1348 4456 1460 4539 [immo

127 4558 404 4640 anxxxtln
448 4559 499 4629 De
514 4560 574 4623 bac
588 4558 660 4641 lege
681 4554 961 4621 Sammonicus
984 4552 1158 4618 Serenus
1179 4551 1359 4615 itarelcrt:
1382 4554 1462 4615 Lex

87 4670 91 4679 ·
128 4651 315 4729 fannia,
345 4652 557 4717 ιαηοείεείιηὶ
577 4649 750 4734 Aagtssti,
779 4648 912 4732 ingenti
935 4646 1090 4712 omnium
1110 4646 1273 4710 ordinum
1292 4662 1463 4707 consensu

124 4747 284 4832 peruenit
305 4746 353 4810 od
370 4750 560 4832 populum.
583 4766 691 4831 nepae
711 4753 989 4825 compressores
1010 4750 1072 4803 aut
1096 4739 1244 4817 tribuni,
1267 4747 1308 4801 nt
1326 4740 1462 4820 pleras-

128 4863 195 4929 osse
215 4841 325 4918 obas,
349 4841 411 4905 sed
431 4864 479 4905 ear
500 4839 655 4907 ommam
679 4838 849 4903 bonorum
868 4833 1013 4927 consilio
1038 4844 1073 4900 et
1095 4833 1266 4900 sententia
1289 4829 1358 4914 ipsi
1381 4845 1464 4894 con·

199 4939 328 4992 Coeunt.
366 4940 419 4989 cte.
440 4940 486 4994 lli,
671 4969 675 4979 ·
1285 4927 1324 4979 dd
