3338 5584
248 1610 256 1628 .
305 1542 345 1627 u]
364 1564 480 1628 Iunius
500 1562 551 1628 Μ.
573 1562 596 1628 f.
617 1550 753 1628 Brutus.
883 1546 888 1555 ⁸

388 1667 428 1731 ln
450 1667 579 1752 proelio
601 1668 734 1732 occisus
755 1670 817 1733 est.
859 1667 901 1733 ln
923 1670 995 1735 eius
1014 1670 1124 1737 locum
1145 1670 1258 1739 faetus
1278 1676 1331 1740 est

346 1763 405 1855 Sp.
428 1770 605 1837 Lucretius
626 1769 852 1853 Tricipitinus.
934 1844 937 1855 ¹

388 1874 429 1938 In
451 1874 650 1962 magistratu
670 1877 821 1938 mortuus
842 1878 905 1939 est.
947 1875 988 1941 lu
1010 1895 1039 1943 e.
1060 1877 1082 1942 l.
1103 1878 1126 1943 f.
1148 1883 1200 1945 est

344 1975 395 2041 Μ.
417 1977 579 2041 Horatius
599 1975 652 2041 Μ.
676 1975 701 2041 f.
723 1962 898 2043 Pulvillus.

302 2078 341 2142 L.
363 2078 564 2163 Tarquinius
585 2075 784 2145 Collatinus.

388 2178 535 2248 Coactus
556 2200 577 2246 a
598 2183 742 2271 conlega
762 2183 943 2251 abdicavit
985 2186 1025 2251 ln
1046 2201 1078 2252 e.
1098 2189 1120 2252 1.
1141 2187 1165 2252 f.
1188 2191 1240 2255 est

345 2283 383 2350 P.
405 2285 561 2350 Valerius
584 2285 701 2350 Volusi
729 2284 752 2350 ι’.
781 2289 837 2371 qui
865 2288 900 2353 in
927 2289 991 2356 hoc
1018 2288 1145 2361 honore
1172 2290 1347 2377 Poplicola

471 2389 665 2474 appellatus
686 2390 758 2454 est.-

303 2648 341 2714 u.
362 2650 541 2717 Lueretius
563 2650 600 2715 u.
622 2650 645 2715 i.
660 2636 893 2736 uricrprtnu's.

247 2859 255 2876 .
304 2809 341 2875 P.
362 2810 519 2876 Valerius
539 2810 657 2876 Volusi
679 2810 703 2875 f.
724 2809 900 2897 Poplicola
919 2813 984 2879 111.

302 2912 352 2979 Μ.
374 2914 537 2980 Horatius
558 2911 609 2979 M.
631 2913 656 2979 f.
678 2912 844 2982 Pulvillus
865 2916 911 2981 ii.

112 3119 120 3136 .
246 3124 254 3141 .
303 3067 363 3159 Sp.
385 3060 526 3139 Larcius
546 3073 675 3139 Flavus
696 3095 722 3138 s
743 3074 864 3142 Rufus

304 3177 341 3242 Τ.
363 3178 554 3243 Herminius
574 3176 765 3263 Aquilinus

102 3383 110 3400 .
196 3366 200 3373 ¹
247 3389 254 3403 .
302 3335 352 3403 Μ.
373 3338 530 3403 Valerius
550 3337 627 3403 Vol.
649 3337 672 3403 f.
693 3338 852 3404 Volusus.

303 3439 342 3507 P.
362 3439 553 3507 Postumius
576 3438 615 3522 Q.
637 3441 662 3506 f.
684 3440 861 3508 Tubertus

246 3649 254 3666 .
303 3599 341 3666 P.
362 3600 518 3667 Valerius
539 3600 615 3666 Vol.
638 3600 660 3665 f.
681 3598 858 3685 Poplicola
878 3601 938 3666 IV.

302 3701 341 3768 T.
362 3704 540 3770 Lueretius
561 3701 599 3766 T.
620 3700 644 3766 f.
666 3701 881 3788 Tricipitinus
902 3704 949 3768 Π.

23 3857 113 3931 603.
162 3861 254 3931 250.
302 3862 341 3928 Ρ.
362 3863 553 3929 Postumius
575 3859 614 3943 0.
636 3861 661 3927 i.
683 3859 850 3928 Tubertus
871 3862 917 3926 11.

301 3966 460 4058 Agrippa
478 3966 661 4034 Menenius
682 3959 719 4032 0.
740 3965 763 4031 i.
784 3962 946 4033 sanatus.

106 4171 114 4187 .
246 4144 266 4190 .“
304 4124 423 4211 Opiter
444 4127 627 4215 Verginius
649 4124 832 4193 Tricostus.

302 4223 522 4339 Sp30aaslu's
543 4230 756 4305 Viscelllnus.

20 4383 112 4452 soi.
161 4383 253 4454 2⁶2.
302 4387 482 4454 Postumus
502 4384 671 4463 Cominius
693 4388 886 4455 Auruncus.
1006 4366 1009 4371 ¹

232 4500 236 4515 “
301 4490 341 4557 Τ.
361 4491 502 4559 Larcius
522 4492 650 4558 Flavus
671 4513 698 4558 s.
718 4491 839 4558 Rulus.

23 4646 316 4659 ᾗ*

96 4720 124 4791 ⁰)
150 4720 199 4777 Ex
211 4696 310 4779 Fastis
325 4718 520 4799 Capitolinis:
542 4739 558 4777 u
572 4718 679 4796 quihus
693 4699 884 4778 Varroniano
898 4723 976 4780 ratio
990 4721 1030 4777 ito
1044 4717 1163 4789 differt,
1184 4731 1219 4779 ut
1231 4724 1346 4781 nostrin

26 4809 156 4865 numeris
177 4806 291 4884 singuli
310 4807 384 4864 anui
403 4802 533 4863 addendi
552 4805 622 4863 siut.
671 4804 730 4878 Qui
750 4806 842 4883 igitur
861 4804 949 4865 uobis
969 4817 1015 4864 ost
1034 4823 1133 4864 sunus
1151 4807 1227 4878 ati,
1255 4804 1346 4885 volgo
1439 4875 1440 4878 Ἴ

28 4898 72 4944 eut
90 4911 118 4948 a.
140 4895 206 4953 245.
226 4903 256 4949 et
275 4895 321 4950 sio
340 4890 493 4968 deinceps.
