3220 5572
450 427 602 523 luuex
622 427 805 495 Lucum.
1012 482 1025 493 .
1229 435 1289 500 139
1377 469 1404 487 ,Α

33 569 72 631 ll.
87 568 185 644 scu.
202 596 241 612 -
267 561 340 634 Ἐπὶ
360 567 419 649 τῆς
439 569 602 655 λοχίτιδος
622 568 793 652 ἐκκλησίας
812 563 915 657 νόμον
935 565 1118 664 ἐκύρωσαν,
1139 560 1194 643 ἵνα
1215 579 1289 654 ταῖς

35 655 232 748 ιἰρχσῐςπᾰσαις
251 661 304 755 ἐξῇ
323 657 399 739 τοῦς
420 657 647 748 ἀκοσμοῦντας
668 659 689 746 ἢ
708 665 982 749 παρανομοῦντας
1010 663 1056 745 εἰς
1082 666 1141 750 τὴν
1166 671 1291 738 ἑαυτῶν
1378 725 1382 734 .

34 755 137 834 ἐξουσίαι
150 755 289 839 ζημιοῦν.
309 757 387 833 τέως
406 752 471 843 γὰρ
493 751 553 842 οὐχ
572 749 698 824 ἅπασιν
718 756 807 838 ἐξῆν,
830 753 916 823 ἄλλα
937 764 1006 837 τοῖς
1026 756 1164 839 ὑπάτοις
1178 758 1291 849 μόνον.

34 840 61 912 ri
75 849 155 933 μέντοι
179 848 299 937 τίμημα
326 843 386 917 οὐκ
414 844 458 914 ἐπ’
488 844 602 927 αὐτοῖς
627 853 698 927 τοῖς
725 851 895 938 ζημιοῦσιν
920 845 1044 920 ὁπόσον
1066 859 1180 922 θεῖναι
1202 858 1295 925 δοκεῖ

30 943 167 1020 mulceor,
196 936 269 1007 ἀλλ’
292 935 388 1008 αῦτοὶ
407 938 468 1023 τὴν
488 936 582 1023 ἆξίαν
609 934 748 1030 ὥρισαν,
777 946 931 1030 μέγιστον
958 940 1184 1029 ἇποὸεἱξαντες
1211 941 1291 1038 ὅρον
1420 1021 1427 1032 ,
1473 954 1475 965 ’

27 1029 166 1117 §pacilo
183 1028 266 1119 βόας
286 1038 344 1101 καὶ
364 1032 541 1124 τριάκοντα
561 1031 734 1125 πρόβατα.
756 1041 812 1104 καὶ
833 1026 930 1116 οὗτος
951 1032 969 1105 ὁ
991 1035 1092 1127 νόμος
1113 1037 1190 1131 ἄχρι
1210 1044 1290 1108 πολ·
1330 1052 1337 1060 ’

24 1127 66 1192 lai
79 1128 207 1212 διέμεινεν
224 1124 290 1196 ὑπὸ
307 1123 476 1216 Ῥωμαίων
497 1125 811 1222 διαφυλαττόμενος.
852 1130 953 1196 Dion.
976 1134 1085 1199 Halie.
1108 1137 1155 1198 X.
1178 1136 1230 1199 50.
1249 1169 1289 1182 -

23 1218 195 1295 ‚consere
223 1236 328 1290 autem
359 1227 403 1290 ob
433 1227 562 1287 eandem
592 1246 716 1288 eausam
749 1245 938 1307 possumus,
971 1230 1058 1309 qarod
1091 1227 1185 1292 ltalia
1214 1240 1292 1291 tune

21 1325 79 1375 esset
92 1318 352 1396 armentosissima,
376 1318 541 1393 muletam,
564 1339 645 1400 quae
667 1318 845 1400 appellatur
865 1339 1045 1400 suprema,
1068 1322 1240 1385 institutam
1258 1322 1291 1385 in
1363 1309 1376 1375 ',

19 1404 126 1490 singulos
145 1409 232 1494 [dies]
256 1416 388 1476 duarum
405 1413 531 1488 ovium,
555 1412 686 1497 triginta
706 1413 823 1475 boum:
845 1432 908 1493 pro
930 1414 1023 1495 copia
1041 1415 1159 1479 scilieet
1179 1418 1288 1492 boum,

17 1521 110 1585 proque
128 1505 225 1567 ovium
247 1506 397 1589 penuria.
441 1507 506 1569 Sed
531 1527 600 1567 eum
625 1504 780 1569 eiusmodi
801 1505 916 1568 mulcta
941 1509 1068 1588 pecoris
1096 1508 1291 1593 armentique
1316 1519 1318 1527 ’

17 1595 243 1680 auagistretibns
262 1601 347 1663 dieta
364 1610 450 1675 crat,
472 1596 679 1682 adigebantur
694 1601 797 1663 boves
817 1619 966 1683 ovesque>
977 1600 1054 1665 alias
1075 1602 1171 1684 pretii
1184 1601 1289 1684 parri,

18 1687 70 1788 alias
90 1690 217 1756 mainus:
247 1714 350 1779 eaque
370 1715 425 1757 res
443 1693 580 1756 faciebat
605 1692 800 1776 inaequalem
827 1693 960 1756 mulctae
985 1695 1195 1777 punitionem.
1238 1696 1293 1760 ld·

17 1799 80 1843 rueo
95 1796 191 1864 postea
214 1787 291 1871 lege
316 1787 451 1852 Aternia
480 1785 643 1850 constituti
666 1798 738 1849 sunt
762 1785 795 1851 iu
826 1807 905 1850 oves
930 1786 1072 1873 singulas
1097 1789 1178 1852 aeris
1205 1788 1312 1864 deni„

18 1873 127 1940 uberes
139 1879 212 1943 aeris
226 1880 365 1945 centeni.
408 1881 679 1947 Minimaautem
694 1879 808 1942 mulcta
825 1891 872 1943 est
889 1882 1078 1947 ovisunius.
1122 1886 1293 1966 Suprema

20 1969 100 2032 adsta
116 1984 158 2035 est
173 1973 238 2038 eius
261 1973 400 2053 numeri,
429 1974 518 2038 estius
544 1972 699 2037 diximus:
732 1975 815 2036 ultra
837 1996 931 2055 quem
957 1976 1105 2040 mulctam
1133 1977 1237 2040 dicere
1253 1975 1292 2038 in

22 2060 89 2142 llis]
103 2064 234 2150 singulos
254 2067 307 2129 ius
327 2088 391 2132 non
417 2078 484 2142 est,
516 2078 548 2131 et
567 2078 739 2150 propterea
760 2088 923 2150 suprema
947 2070 1144 2151 appellatur,
1176 2070 1207 2134 id
1230 2080 1290 2145 est,

25 2168 144 2219 tuomst
164 2159 339 2227 maxima.”
380 2162 424 2227 A.
449 2160 570 2225 Gellius
592 2161 658 2224 XI.
682 2162 720 2236 1,
744 2160 850 2224 2-3.
874 2196 915 2207 -
948 2163 1144 2244 „Peculatus
1172 2163 1314 2235 fautum„

26 2246 133 2323 pullum
147 2253 208 2317 dici
228 2265 367 2336 coeptus
387 2262 437 2317 est
454 2275 471 2316 a
491 2274 628 2336 pecore,
651 2248 723 2338 quia
745 2255 785 2317 ab
802 2274 842 2319 eo
861 2252 982 2318 initium
1002 2255 1068 2319 eius
1084 2254 1204 2318 fraudis
1223 2275 1294 2319 esse

26 2341 110 2420 wecil·
131 2346 153 2409 si
175 2347 310 2431 quidem
339 2359 410 2411 ante
437 2368 489 2411 aes
519 2362 572 2413 aut
599 2359 766 2429 argentum
792 2347 948 2432 signatum
973 2350 1017 2412 ob
1039 2338 1158 2411 'delicta
1188 2368 1292 2431 poena

5 2433 159 2512 ..attritam
185 2453 260 2504 erat
284 2442 415 2504 duarum
442 2441 549 2506 ovium
585 2451 618 2504 et
639 2442 758 2504 XXX.
781 2442 921 2505 bovum.
956 2462 992 2505 ea
1022 2442 1095 2525 lege
1120 2453 1294 2506 sanxerunt
1334 2508 1337 2512 ,

25 2522 203 2598 ΤιΜιιιιιίιιι
237 2535 381 2597 Lanatus
411 2546 443 2598 et
464 2536 504 2599 P.
533 2533 654 2597 Sestius
686 2534 886 2616 Capitolinus
911 2555 1002 2598 eous.
1037 2557 1118 2618 quae
1142 2537 1294 2618 pecudes,

22 2632 142 2704 mutuam
165 2649 243 2692 aere
268 2627 395 2711 signato
416 2626 462 2691 uti
487 2632 594 2710 eoepit
618 2630 659 2692 P.
686 2629 731 2691 R.
754 2626 908 2709 Tarpeia
928 2627 1002 2712 lege
1020 2642 1145 2691 eatttruu
1168 2638 1236 2702 est,
1260 2639 1295 2695 ut

21 2710 244 2817 Βριαοιιιιίῑιιια
272 2720 344 2785 ovis
372 2721 539 2787 deensibus
569 2719 824 2785 aestimaretur.'‘
866 2721 981 2785 Festus
1009 2743 1045 2804 p.
1075 2722 1142 2809 206¹
1165 2741 1215 2804 sq.
1247 2721 1295 2786 ed.

23 2800 279 2991 L'iliitirsmuug
302 2906 389 2971 einer
408 2908 489 2970 Zahl
513 2930 576 2972 von
600 2911 768 2991 Hiiuptern
788 2907 874 2970 Vich
888 2907 944 2971 fur
966 2907 1016 2972 die
1037 2909 1171 2972 hiiehste
1187 2905 1295 2970 Multa

25 2986 241 3080 Rl’lllionysius
263 3001 308 3063 als
330 3000 437 3064 lnhalt
458 3003 513 3065 des
536 3004 690 3066 Gesetzes
711 3003 814 3065 dieser
835 3000 980 3066 Consule
1004 3023 1063 3078 au,
1085 3005 1149 3065 uud
1176 2999 1295 3064 Cicero
1355 3046 1365 3065 .
1410 3012 1413 3017 ’

22 3078 59 3143 lii
72 3093 167 3169 gewiss
178 3099 238 3157 das
251 3094 405 3158 niimliche
419 3095 576 3178 gemeiut:
602 3096 652 3160 die
663 3097 745 3160 leste
758 3097 991 3181 Absehiitzung
1005 3096 1037 3159 iu
1058 3096 1140 3158 Geld
1159 3093 1298 3156 schreibt
1397 3152 1403 3161 ,

19 3192 45 3235 ‘f
58 3179 101 3263 let
116 3184 257 3251 Consuln
281 3185 337 3266 (C.
362 3188 463 3252 lulius
482 3191 525 3253 P.
548 3189 709 3272 Papirius)
730 3210 795 3254 von
814 3190 888 3253 325.
913 3190 1017 3272 [Fast.
1038 3188 1182 3271 Capitol.
1206 3182 1297 3264 tta]

18 3284 61 3344 2¹2
75 3280 170 3343 uomit
192 3283 246 3344 die
271 3281 365 3344 ihuen
387 3283 658 3365 ztrgeschriebene
680 3283 877 3346 aestimatio
902 3286 1090 3346 multarum
1113 3281 1204 3362 (Lis.
1230 3276 1298 3343 IV.

19 3358 327 3439 illitteratissimas.
371 3375 417 3437 Es
441 3375 518 3458 licgt
537 3377 617 3438 auch
638 3376 670 3439 iu
688 3378 744 3438 der
766 3376 883 3453 Sache,
907 3378 979 3439 dass
1002 3376 1087 3441 diese
1105 3381 1212 3459 spiitcr
1231 3373 1298 3436 ein-

18 3460 75 3533 Νι
91 3469 144 3529 und
161 3468 212 3531 die
237 3469 395 3551 Angabe‚
419 3469 547 3535 welche
573 3469 623 3533 die
648 3470 880 3553 Absebiitzuug
901 3467 934 3531 iu
960 3467 1050 3552 jeues
1073 3471 1191 3535 Gesetz
1216 3467 1296 3550 legt,

7 3544 118 3621 *ffitlins
136 3561 197 3624 Xl.
224 3564 255 3622 l.
300 3562 415 3625 Festus
438 3583 465 3624 s.
489 3582 523 3623 v.
547 3563 741 3643 peculatus)
768 3546 808 3624 is⁸t
834 3582 916 3644 ganz
939 3562 1058 3646 gewiss
1082 3562 1176 3645 irrig.
1221 3561 1299 3623 Von

25 3634 192 3717 bennun
207 3656 267 3735 (Τ.
289 3653 460 3717 Menenius
477 3656 516 3718 P.
533 3656 668 3734 Sestius)
684 3656 758 3718 302.
775 3655 879 3737 [301.]
901 3666 1024 3718 wstsste
1040 3654 1177 3720 Verrius
1197 3653 1299 3716 olien-

28 3724 176 3823 itunae,
198 3769 269 3809 was
292 3747 403 3813 h'uher
424 3749 580 3832 gehiirte,
605 3748 698 3811 allciu
720 3749 836 3811 Festus
849 3748 905 3810 hat
924 3769 958 3810 es
982 3768 1065 3833 ganz
1088 3749 1298 3811 rrurerstiind-

30 3814 220 3915 stauretur.
244 3842 411 3905 Nresuau.
453 3839 537 3906 Germ
563 3841 743 3905 Niebuhrio
765 3843 862 3906 Rtim.
879 3841 1068 3905 Gesch..ll.
1089 3862 1121 3929 p.
1144 3841 1204 3903 ott
1228 3860 1298 3921 seq.

30 3920 181 3998 ml*tratur
202 3933 345 3999 Dirksen
369 3937 408 3998 ad
435 3932 603 3999 Ciceronis
623 3935 647 3998 1.
673 3934 697 3999 l.
722 3934 768 4015 (in
789 3934 929 4025 editione
951 3934 1092 4014 Moseri)
1113 3943 1145 3997 et
1173 3932 1299 3997 Walter

28 4004 172 4093 Gl'tl-les
195 4034 281 4092 rom.
304 4028 427 4092 Rechts
449 4029 480 4092 1.
503 4049 537 4111 p.
559 4027 600 4092 89
623 4049 692 4113 seq.
1273 4032 1276 4039 '

480 4242 611 4323 Arrnhs
640 4243 795 4307 Munera.

81 4390 164 4463 ‚Duo
178 4398 313 4482 imperia
331 4420 371 4465 eo
393 4421 476 4465 anno
498 4404 545 4480 (u.
567 4423 597 4465 e.
622 4401 711 4481 lbi.)
733 4399 929 4482 darieoepta
944 4399 1188 4483 perpopuletur,
1213 4409 1300 4461 utra·

19 4496 63 4579 §1¹¹0
79 4489 246 4565 pertinentia
268 4496 307 4556 ad
330 4515 396 4557 rem
419 4494 606 4570 militarem,
629 4496 723 4557 tibrim
745 4505 785 4558 ut
805 4494 936 4558 tribuni
957 4494 1105 4557 militum
1126 4492 1201 4556 seni
1222 4492 1301 4556 deni

18 4586 45 4628 ¹¹¹
65 4593 205 4679 Μίνω·
241 4587 393 4671 legiones
423 4608 447 4650 a
472 4593 605 4672 populo
636 4600 857 4660 crearenturs
892 4608 973 4673 qtsae
1003 4598 1111 4662 antea,
1146 4604 1300 4670 perquam

19 4678 101 4737 litet·
122 4679 266 4763 suffragio
295 4679 410 4763 populi
441 4682 561 4745 relictis
595 4680 695 4756 locis,
728 4681 918 4745 dictatorum
947 4692 986 4757 et
1003 4679 1168 4744 consulum
1197 4679 1298 4741 ferme

20 4750 118 4826 lteram
133 4768 294 4838 beneficia.
321 4774 424 4838 tulere
447 4795 516 4838 eam
542 4774 744 4859 rogationem
772 4774 892 4838 tribuni
912 4773 1022 4856 plebei·
1040 4777 1083 4838 L.
1108 4772 1237 4837 Atilius
1258 4773 1298 4836 0.

23 4848 162 4925 “streito-
182 4866 308 4932 alterurn
324 4878 360 4931 ut
379 4868 567 4935 dutsmviros
586 4869 714 4934 navales
737 4868 844 4934 elassis
871 4870 1032 4936 ornandae
1047 4864 1300 4947 reficiendaeque
