3220 5572
172 422 178 441 ,
312 366 372 430 aas
794 295 945 430 11innx
966 334 1149 428 cneum.

311 517 475 585 veterum,
509 504 565 591 qui
586 515 662 569 tune
681 502 751 568 iura
777 501 1006 578 condiderunt,
1035 522 1077 567 eo
1096 523 1149 567 res
1168 504 1321 586 perdocta
1343 510 1409 577 est,
1440 511 1474 565 nt
1494 498 1592 587 salpi

312 599 471 664 minimum
492 609 632 664 errasset
651 599 738 662 litem
760 599 927 681 perderet.
950 597 1056 682 itaque
1076 617 1136 679 per
1160 595 1265 681 legem
1291 595 1471 662 Aebruiam
1493 607 1521 658 et
1537 598 1592 659 duas

312 692 410 759 Iulias
431 694 573 758 sublatae
589 704 663 757 sunt
680 691 759 756 istae
777 690 859 775 legis
880 690 1039 765 actiones,
1062 690 1275 773 effectumque
1292 699 1341 753 est
1355 699 1390 751 ιιι
1403 709 1460 770 per
1472 701 1592 771 eomapu

312 788 430 863 verba,
461 786 496 850 id
523 797 587 863 est,
622 807 682 868 per
703 784 857 850 formulas
881 784 1092 881 litigaturus.
1144 785 1284 848 'Tantum
1312 804 1353 846 ex
1379 783 1495 878 duabus
1519 782 1593 877 ciniis

312 871 497 953 permissum
525 882 573 935 est
599 871 672 957 lege
694 888 811 954 ageres
845 870 949 934 damur
970 868 1102 946 mirati,
1124 879 1157 932 et
1183 867 1209 932 ai
1234 867 1459 932 centumvirale
1482 867 1594 931 rudiurn

316 963 387 1028 fit.”
431 963 532 1027 Gaius
554 964 619 1029 lv,
642 964 696 1028 30.

382 1057 536 1143 (Diversa
557 1069 606 1131 est
628 1057 728 1119 altera

894 1214 1061 1279 Annam.

397 1338 530 1421 „Leges
551 1346 625 1399 sunt
648 1345 794 1411 veteres,
817 1349 921 1419 neque
940 1356 995 1399 eae
1008 1336 1214 1410 consulares,
1236 1336 1296 1402 sed
1314 1331 1513 1408 tribuniciae,
1532 1331 1593 1395 robis

315 1428 550 1513 maioribusque
577 1429 692 1492 vestris
725 1430 926 1493 vehementer
956 1442 1067 1513 gratae
1096 1440 1191 1515 atque
1222 1427 1389 1492 iucundae.
1434 1424 1544 1489 Licinia
1564 1435 1594 1483 ut

315 1524 368 1587 lex
389 1533 485 1608 atque
507 1522 606 1587 altera
628 1522 794 1599 Aebutio,
824 1543 904 1607 quae
927 1542 991 1587 non
1016 1524 1112 1588 modo
1134 1543 1225 1599 euin,
1255 1520 1310 1605 qui
1336 1522 1444 1587 tulerit
1466 1521 1501 1581 de
1523 1515 1594 1598 aliqu

315 1617 478 1681 curatione
500 1636 537 1679 ac
557 1627 731 1699 potestate,
762 1618 818 1679 sed
841 1616 936 1680 etiam
959 1615 1102 1698 collegas
1130 1614 1213 1689 eius,
1242 1625 1419 1698 cognatos,
1449 1611 1544 1675 affines
1558 1629 1592 1669 rx·

315 1710 407 1794 cipit,
431 1731 470 1774 ne
492 1709 539 1774 eis
562 1731 599 1774 ea
618 1721 762 1793 potestas
783 1709 950 1775 curatiove
971 1709 1172 1772 mandetur.''
1194 1710 1234 1772 de
1256 1708 1329 1793 lege
1351 1729 1427 1792 agr.
1447 1707 1494 1771 11.
1513 1705 1544 1779 8,
1560 1702 1592 1763 ll·

400 1898 578 1981 Utramque
592 1896 775 1961 Aebutiam
790 1895 871 1958 malo
887 1894 1048 1961 intellecto
1064 1895 1160 1959 Gellii
1176 1896 1268 1970 loco,
1285 1915 1378 1979 quern
1395 1892 1493 1958 Gaius
1503 1888 1592 1975 egregie

317 1988 469 2067 illustrat,
504 1990 705 2055 confundunt
727 1989 861 2070 Pighius
886 1989 974 2052 Ann.
1001 1990 1099 2052 Ilom.
1133 1990 1254 2053 T..ll.
1284 2011 1317 2070 p.
1346 1985 1400 2051 98.
1427 2009 1478 2070 sq.
1500 1999 1592 2063 eumque

317 2095 442 2147 secutus
465 2083 634 2146 Schiltzius
661 2081 690 2144 in
713 2082 823 2146 lodice
852 2081 977 2161 legum,
1016 2094 1111 2166 atque
1134 2086 1175 2148 Τ.
1202 2094 1234 2145 et
1258 2085 1294 2151 0.
1321 2080 1478 2147 Aebutio
1500 2074 1593 2140 tribunis

317 2175 421 2259 plebis
443 2196 474 2239 s.
497 2197 530 2238 ιι.
554 2175 628 2239 520.
649 2174 805 2237 tribuunt.
849 2175 958 2237 Multo
979 2177 1098 2239 rectius
1126 2175 1312 2249 Ernestius,
1337 2195 1433 2259 quem
1460 2192 1519 2236 non
1540 2171 1592 2231 dese

319 2289 392 2332 rere
421 2269 556 2333 debebat
586 2267 704 2332 Indicis
735 2267 917 2332 Ernesliani
948 2269 1180 2332 recentissimus
1213 2270 1318 2332 editor
1361 2270 1408 2332 A.
1445 2270 1491 2332 Η.
1525 2262 1592 2328 oen,

319 2360 435 2426 omissa
459 2363 619 2427 mentione
645 2361 776 2425 alterius
800 2360 881 2450 [egis
907 2383 924 2424 a
951 2361 1111 2426 Cicerone
1134 2383 1198 2427 uon
1221 2372 1437 2424 memoratae:
1469 2352 1594 2440 ,Aebutia

318 2456 381 2518 lata
403 2465 451 2520 est
474 2457 514 2519 ab
529 2455 696 2528 Aebutio,
720 2454 873 2518 incertum
894 2477 961 2540 qno
981 2467 1013 2519 et
1036 2477 1103 2540 quo
1122 2457 1313 2538 tempore:”
1336 2455 1429 2538 quod
1449 2455 1486 2517 de
1502 2460 1593 2528 utraqu

320 2570 429 2614 rerum
452 2560 513 2616 est.
558 2543 656 2615 Coirs.
678 2548 790 2613 Baebii
814 2548 900 2611 Hist.
925 2549 1062 2633 lurispr.
1094 2551 1192 2615 Rom.
1216 2549 1262 2613 ΙΙ.
1284 2547 1316 2611 2.
1340 2553 1372 2625 §.
1398 2547 1454 2610 28.
1475 2556 1504 2609 et
1522 2548 1546 2619 i·
1562 2537 1593 2599 ll·

687 2708 800 2770 Annia
823 2707 864 2769 de
884 2707 1027 2771 coloniis
1047 2706 1266 2772 deducendis.

404 2823 532 2908 „Exitu
554 2825 625 2890 anni
645 2827 738 2890 binius
767 2828 815 2906 (u.
837 2848 868 2892 c.
892 2829 981 2909 559.)
1002 2832 1047 2912 Q.
1068 2829 1191 2895 Aelim
1212 2826 1349 2893 Tubero
1370 2818 1513 2891 tribunus
1529 2813 1594 2902 pleds

319 2941 361 2983 ex
383 2919 678 2984 senatusconsulto
700 2919 771 2983 tulit
793 2923 832 2984 ad
853 2920 997 3005 plebem,
1020 2921 1193 3007 plebesque
1215 2920 1324 2998 scivit,
1348 2932 1383 2983 ut
1403 2919 1531 2983 Latinae
1546 2912 1594 2974 dut

319 3012 485 3089 coloniae,
509 3032 571 3076 una
589 3012 620 3075 in
636 3012 800 3090 Bruttios,
825 3015 920 3077 altera
940 3014 971 3077 in
997 3015 1175 3079 Thurinum
1196 3035 1308 3099 agrum
1323 3000 1594 3077 detinemurli

321 3105 690 3265 fflffissisgiumiri
711 3106 828 3184 creati,
853 3107 966 3193 qrribns
986 3107 1018 3172 in
1036 3106 1204 3172 triennium
1220 3107 1382 3191 imperium
1402 3105 1514 3170 esset.’¹
1548 3097 1605 3161 125¹·¹

825 3361 939 3424 Αιιιι
957 3362 993 3423 'et
1011 3341 1133 3443 Furia.
1266 3384 1285 3413 x
1307 3346 1315 3357 ’

408 3477 566 3561 „Quaero
587 3500 604 3541 a
628 3489 678 3555 te,
699 3501 756 3542 cur
778 3477 819 3545 C.
844 3478 1031 3547 Cornelium
1049 3504 1113 3547 uon
1131 3483 1348 3577 defenderem
1371 3501 1446 3545 num
1462 3479 1550 3563 legen
1564 3460 1604 3533 till

321 3593 414 3659 quarn
443 3571 615 3637 Cornelius
646 3585 759 3639 eontra
781 3574 923 3657 auspicia
951 3576 1079 3642 tulerit:
1112 3598 1186 3640 num
1215 3577 1369 3653 Aeliam,
1403 3595 1476 3639 num
1501 3564 1597 3659 uduo

323 3666 426 3751 legem
448 3664 628 3750 neglexerit
637 3664 658 3694 '¹
683 3679 747 3731 cet.
791 3666 906 3732 Vatin.
929 3669 968 3747 2,
991 3669 1025 3733 5.
1052 3700 1093 3717 -
1127 3670 1255 3751 „Simul
1279 3669 1373 3733 etiam
1396 3669 1475 3732 illud
1493 3663 1596 3728 volunt

321 3760 535 3842 respondeas,
568 3781 639 3824 cum
665 3769 696 3824 te
720 3760 849 3826 tribuno
874 3760 978 3845 plebis
1003 3776 1087 3828 esset
1114 3763 1207 3829 etiam
1232 3775 1298 3829 tum
1323 3763 1356 3825 in
1380 3783 1417 3825 re
1440 3748 1596 3846 publiealt1

320 3852 424 3920 Aelia
444 3863 477 3914 et
497 3852 619 3932 blasio:
641 3875 722 3940 qnae
739 3854 827 3941 leges
845 3876 1073 3939 saepenumero
1092 3855 1279 3921 tribunicios
1296 3855 1427 3920 furores
1440 3845 1603 3919 debilitanda

321 3958 355 4010 et
372 3959 614 4030 repressernut3
637 3968 716 4032 quas
730 3964 843 4014 eontra
859 3960 988 4031 praeter
1003 3961 1034 4012 te
1049 3971 1142 4015 nemo
1157 3971 1293 4036 unquam
1308 3960 1358 4014 ost
1370 3948 1478 4012 facere
1488 3946 1597 4011 conatu*

322 4042 418 4123 (quae
440 4039 567 4122 quidem
591 4041 683 4126 leges
703 4062 787 4108 anno
812 4053 906 4124 post,
930 4043 1111 4107 sedentibus
1130 4042 1164 4107 in
1184 4042 1306 4127 templo
1331 4045 1457 4106 duobus
1475 4057 1533 4103 nou
1569 4116 1583 4132 ..

323 4132 442 4223 solibus
464 4136 521 4196 sed
541 4134 762 4216 proditoribus
782 4135 875 4199 buius
901 4135 1036 4200 civitatis
1062 4158 1100 4199 ao
1120 4135 1280 4219 pestibus,
1304 4157 1367 4205 uua
1387 4156 1457 4198 eum
1479 4124 1567 4209 auspic

323 4229 394 4291 cuni
410 4225 708 4307 intercessionibus,
725 4250 796 4293 cum
813 4228 898 4294 omui
912 4230 981 4294 iure
996 4228 1126 4312 publico
1141 4231 1457 4315 conflagraveruutz)
1477 4238 1560 4307 eequ2

324 4316 477 4382 dubitaris
505 4332 618 4385 contra
644 4342 697 4386 eas
721 4322 810 4408 leges
838 4346 908 4386 cnm
939 4325 1033 4406 plebe
1061 4345 1159 4409 agere
1186 4337 1217 4388 et
1244 4322 1412 4388 concilium
1441 4334 1536 4385 convo
1565 4358 1576 4411 .'

185 4486 193 4499 .
324 4433 399 4473 num
428 4434 522 4496 quem
554 4436 596 4479 ex
624 4415 771 4479 omnibus
801 4415 936 4482 tribunis
968 4415 1092 4501 plebis,
1126 4417 1306 4502 quicunque
1341 4412 1481 4480 seditiosi
1509 4409 1539 4473 iu

323 4517 388 4571 tam
412 4507 560 4570 audacem
583 4507 719 4572 audieris
740 4507 858 4588 fuisse,
882 4524 917 4574 ιιι
938 4532 1077 4598 tanquam
1100 4524 1212 4575 eontra
1234 4512 1337 4595 legem
1356 4508 1489 4577 Aeliam
1507 4508 1551 4565 ²1¹¹

318 4596 414 4678 fiam
429 4598 598 4664 concilium
614 4601 840 4666 advocaret?''
881 4604 995 4669 Vatin.
1019 4608 1057 4682 7,
1077 4605 1130 4669 18.
1152 4638 1194 4652 -
1216 4604 1403 4688 ,Simulque
1418 4597 1491 4664 mibi
1504 4612 1546 4659 res

206 4726 211 4737 ι
327 4695 403 4754 deto
422 4702 473 4767 tu,
497 4691 647 4777 quinos,
672 4694 727 4780 qui
745 4698 784 4759 de
801 4698 962 4762 communi
978 4699 1078 4763 salute
1100 4699 1332 4775 consentimus,
1356 4711 1504 4778 tyrannos
1523 4698 1569 4747 tvl

328 4785 467 4849 irtenisne
490 4807 553 4849 non
568 4787 713 4851 tribunus
728 4790 850 4871 plebis,
874 4794 930 4881 sed
944 4790 1159 4855 intolerandus
1176 4812 1216 4855 ex
1231 4812 1334 4856 coeno
1354 4787 1460 4854 neseio
1473 4780 1523 4867 qui
1535 4690 1600 5081 ἦ

1584 5100 1599 5537 l
