3220 5572
311 322 372 386 suu
793 323 945 389 INDEX
966 320 1147 397 Ludunt.

309 485 395 528 nare
412 452 545 547 potest,
570 463 654 550 quid
673 463 748 528 vitii
767 461 805 527 in
825 461 991 546 auspiciis
1000 460 1177 553 futurum
1197 460 1262 538 sit,
1285 460 1355 525 nisi
1374 462 1446 546 puis
1463 463 1497 527 de
1514 468 1578 530 euelu

309 578 447 627 seruare
468 557 671 625 constituit?
693 559 775 622 Nam
798 554 852 640 qui
874 557 938 620 hoe
953 554 1116 621 coustituit
1131 574 1171 620 eo
1191 554 1296 619 animo
1313 554 1406 631 lacit,
1428 567 1459 618 ut
1472 556 1579 638 inpediat

312 651 459 727 comitia,
483 655 564 716 unde
585 650 687 714 facilis
709 649 874 713 diuinatio.
920 646 1019 713 Coul.
1043 670 1105 730 pro
1130 651 1227 712 domo
1249 668 1279 714 e.
1305 649 1358 711 15.
1401 649 1481 711 Haec
1497 650 1579 712 mulir·

312 758 436 811 mansur
458 746 594 831 egregio
614 746 689 809 loco
704 742 819 808 Dionis
842 741 948 829 Cassii
967 742 1025 805 lils.
1048 741 1258 807 XXXVIII.
1281 762 1312 804 c.
1337 742 1389 804 13.
1411 764 1441 824 p.
1460 741 1504 805 bb.
1523 754 1579 805 eru.

309 841 373 914 (cd.
398 840 540 904 Reimar.
563 862 597 921 p.
623 838 695 901 160.
722 835 866 915 intrude
889 837 958 921 lege
977 858 994 899 a
1014 835 1136 901 Clodio
1158 835 1240 910 lau,
1264 856 1329 920 qus
1350 836 1466 899 solutus
1484 835 1580 917 est'lege

311 932 418 997 Aeliu.
463 934 575 997 Porro
603 952 741 995 seruare
770 930 812 993 sle
841 932 936 994 caelo
958 941 1005 992 est
1030 930 1269 1012 magistratuum
1294 940 1344 1005 et,
1379 927 1405 992 si
1429 925 1581 1008 magistratus

309 1027 436 1099 iubeat,
471 1047 644 1109 augurum:
677 1027 759 1087 unde
785 1022 864 1086 male
888 1021 1032 1087 nonnulli
1060 1022 1193 1105 primunr
1224 1033 1319 1104 eaput
1345 1019 1581 1105 legis'ueliaesie

309 1118 511 1201 concipiunt,
535 1131 574 1182 ut
594 1138 748 1202 augures
770 1116 811 1179 de
832 1117 929 1179 caelo
949 1127 1138 1179 seruarent.
1183 1118 1293 1200 Itaque
1314 1127 1346 1178 et
1362 1113 1582 1194 tribunusplebis

314 1213 438 1276 Sestius
465 1214 503 1275 de
528 1213 617 1275 caelo
640 1230 786 1275 servasse
810 1208 964 1284 traditur,
997 1230 1060 1292 pro
1090 1209 1173 1273 Sest.
1196 1231 1226 1272 c.
1249 1207 1301 1271 36.
1346 1208 1491 1291 Augures
1513 1227 1580 1288 porro

310 1307 472 1385 nuntiare
495 1304 606 1368 vitium
630 1302 841 1387 auspiciorum
859 1313 999 1395 possunt
1019 1301 1233 1386 magistratui,
1257 1303 1313 1364 scd
1330 1322 1396 1365 nou
1413 1302 1580 1372 obnuntiare

311 1401 345 1462 h.
369 1421 399 1461 e
423 1400 535 1463 dicere
560 1399 674 1463 ALIO
697 1397 801 1462 ΠΙΕ·
839 1398 903 1460 hoe
928 1406 976 1458 est
999 1396 1239 1515 mugislratilsus
1263 1394 1444 1479 proprium
1483 1394 1582 1475 Philipp.

392 1587 557 1649 Hactenus
579 1582 724 1647 Ernesti
768 1583 836 1646 Iam
864 1583 956 1646 locos
979 1581 1146 1647 Ciceronis
1175 1584 1213 1645 de
1243 1582 1316 1664 lege
1338 1582 1430 1647 Aelia
1451 1580 1583 1665 diligentius

310 1682 534 1762 expendemus.
588 1678 657 1740 Pro
688 1676 794 1740 Sestio
824 1698 854 1739 c.
883 1677 941 1738 lb:
975 1676 1103 1741 liudem
1131 1676 1328 1739 consulibua
1363 1704 1404 1719 ·-
1436 1674 1591 1737 uniuersum

310 1795 384 1836 rem
404 1772 578 1854 publicam
598 1791 671 1833 esse
691 1770 846 1833 deletam.
890 1770 941 1833 De
964 1768 1111 1851 precipe.
1135 1789 1223 1832 eous.
1246 1769 1359 1832 cailla
1383 1770 1475 1835 Nam
1494 1764 1591 1830 aiillud

308 1865 384 1929 iure
406 1876 570 1948 rogatum
592 1866 623 1943 (ι
638 1862 755 1927 Clodio
777 1865 815 1924 de
832 1860 1068 1944 proscriptione
1085 1863 1163 1939 sues)
1187 1861 1298 1924 dicere
1318 1862 1400 1924 aussi
1420 1872 1510 1933 sunt,
1528 1854 1585 1942 puel

308 1961 403 2024 nullo
428 1961 642 2041 exemplos
616 1957 643 2024 s
644 1957 696 2021 eri
712 1959 846 2040 potuit,
880 1959 975 2019 nulla
1002 1957 1077 2039 lege
1101 1956 1214 2031 licuit,
1245 1957 1328 2039 puin
1348 1976 1448 2020 nemo
1469 1953 1506 2016 de
1526 1951 1591 2013 caelu

307 2064 480 2117 seruarat:
514 2051 653 2115 oblitine
672 2062 788 2122 erant,
824 2061 898 2111 tum
917 2070 995 2112 eum
1017 2050 1090 2124 ille,
1113 2070 1171 2133 pur
1164 2045 1229 2111 id
1247 2060 1384 2132 egerat,
1407 2045 1591 2132 plebeiusesl

308 2147 384 2228 lege
411 2145 547 2208 curiata
556 2142 706 2250 suctus,
729 2143 840 2205 dicii
816 2165 858 2206 se
885 2144 979 2206 eaelo
1001 2164 1075 2206 esse
1096 2154 1269 2206 servotum
1290 2145 1419 2224 (nempe
1440 2162 1456 2202 a
1479 2136 1586 2207 uitulus,-

308 2238 368 2321 pui
388 2258 421 2301 ιι
413 2237 590 2320 plebeius
612 2237 752 2300 omniuo
772 2257 847 2300 esse
868 2256 936 2299 non
953 2236 1087 2319 potuit,
1119 2237 1181 2321 pul
1205 2236 1364 2299 tribunus
1391 2234 1496 2319 plebis
1511 2226 1587 2313 potul

309 2332 410 2394 esse?
441 2343 475 2394 et
496 2332 592 2394 cuius
613 2326 810 2393 tribunatus
831 2330 860 2395 si
881 2341 980 2399 nutus
1001 2341 1072 2403 est,
1103 2329 1189 2392 uiuit
1209 2340 1279 2404 ast,
1309 2331 1405 2413 qrsod
1425 2327 1587 2392 irrisurus

308 2424 396 2488 cetis
421 2425 563 2490 Caesar
551 2446 580 2488 ιι
601 2425 713 2532 possit
740 2443 830 2500 esse,
865 2422 939 2485 eires
967 2443 1035 2486 non
1062 2425 1173 2486 solum
1201 2423 1400 2486 tribunatus
1425 2432 1530 2493 ratris,
1554 2410 1591 2476 sul

308 2519 413 2583 etiam
430 2514 746 2611 perniciosissimae
768 2538 840 2593 res,
861 2516 1097 2598 auspiciorum
1118 2515 1285 2601 religione
1306 2527 1522 2583 conseruate,
1543 2509 1591 2570 lun

309 2612 424 2677 tatae?
465 2614 583 2695 Quare
611 2622 673 2674 aut
701 2609 794 2674 uobis
829 2608 1048 2673 statuendum
1076 2620 1147 2684 est,
1182 2609 1283 2692 legem
1314 2608 1440 2672 Aeliam
1474 2620 1591 2670 munere

309 2705 415 2790 legem
445 2704 570 2768 Fufiam
599 2725 668 2769 non
696 2724 770 2767 esse
790 2703 997 2787 abrogatam
1025 2714 1087 2765 cet.
1131 2704 1184 2766 Ex
1208 2703 1332 2766 duobus
1355 2703 1407 2765 luis
1433 2700 1508 2764 locis
1527 2692 1591 2759 nauil

310 2799 427 2865 fmtslm
449 2808 499 2861 cst
520 2797 624 2882 legem
648 2797 773 2862 Aeliam
799 2808 830 2860 et
853 2798 957 2882 legem
981 2797 1009 2860 F
1013 2796 1105 2858 suham
1131 2796 1273 2860 diversas
1295 2796 1382 2880 leges
1405 2796 1518 2871 fuisse,
1543 2772 1591 2859 alul

309 2912 379 2955 earn
400 2894 440 2954 ab
463 2890 575 2967 Aelio,
598 2890 728 2953 alteram
752 2910 768 2952 a
791 2890 886 2955 Fufio
910 2890 1015 2953 latam,
1058 2891 1203 2954 Scu'ulrz.
1590 2884 1591 2937 l

395 2987 496 3053 Duas
523 2987 616 3069 leges
644 2982 742 3046 fuisse
770 2983 895 3047 Aelisrn
923 2994 955 3045 et
976 2982 1098 3046 Fufiam
1122 3004 1216 3046 uerno
1238 2994 1381 3046 veterum
1407 2978 1544 3047 disertius
1560 2974 1591 3033 uu

310 3072 443 3151 clarecit
471 3098 565 3161 quern
594 3087 706 3140 ssuctor
727 3076 882 3140 orationis
904 3079 942 3137 de
966 3075 1165 3157 haruspicum
1187 3078 1350 3157 responsis
1374 3076 1450 3141 loco
1472 3090 1552 3155 supra
1568 3050 1591 3129 ab

309 3172 387 3239 Isto.
431 3170 552 3233 Tamen
569 3172 712 3255 equidem
728 3171 806 3232 draus
821 3168 918 3232 luisse
940 3181 1114 3274 procerte
1137 3169 1291 3232 affirmare
1314 3162 1591 3234 nonacensis!

311 3263 394 3326 enim
415 3262 480 3327 loci
501 3262 681 3348 quidam,
673 3285 704 3325 ru
727 3262 859 3347 quibus,
891 3262 950 3326 nisi
972 3275 1083 3326 eontra
1103 3263 1229 3327 codices
1253 3274 1433 3339 multentur,
1463 3256 1591 3327 erciam

205 3424 210 3442 Ι
312 3369 344 3419 ct
372 3357 534 3422 Aseouitrs
564 3360 601 3420 de
631 3357 725 3421 Aeliu
752 3368 783 3420 et
807 3356 899 3419 Fufia
926 3356 1093 3422 manifesto
1123 3369 1158 3421 nt
1184 3359 1237 3419 de
1248 3376 1311 3420 urna
1341 3358 1416 3443 lege
1446 3330 1591 3438 loquuntur}

310 3453 349 3514 In
375 3450 444 3514 aliis
466 3451 547 3515 loeis
570 3461 674 3515 ulrum
701 3472 763 3513 uua
789 3450 841 3513 vel
870 3452 948 3512 duae
976 3450 1063 3535 leges
1085 3450 1309 3558 intelligendae
1335 3451 1397 3515 sint
1421 3450 1541 3513 dubimn
1557 3444 1591 3502 esd

197 3606 205 3613 .
310 3545 374 3608 Ubi
396 3544 532 3629 denique
556 3545 681 3608 Tullius
704 3526 870 3621 (Pseudo-
879 3542 1068 3631 Ciceronem
1085 3565 1147 3608 nou
1167 3546 1267 3630 magis
1288 3565 1401 3609 moror
1417 3565 1508 3628 quarn
1527 3536 1591 3603 Sehl

310 3636 432 3701 liaatasn
455 3638 659 3719 Bobieusem)
693 3658 806 3701 revera
835 3636 948 3700 Aeliae
977 3647 1008 3699 et
1035 3636 1145 3702 Fufiae
1174 3651 1330 3724 tamquam
1364 3640 1498 3702 duarum
1524 3635 1591 3714 legul

310 3731 502 3796 mentionem
522 3733 617 3807 lecit,
640 3732 784 3795 idulium
812 3731 955 3796 oratorie
980 3730 1087 3794 faeere
1108 3733 1228 3815 potuit,
1253 3755 1322 3795 cum
1343 3729 1528 3815 praesertim
1546 3742 1591 3787 eut

309 3837 396 3888 stans
426 3847 495 3889 uros
521 3827 587 3889 eiius
616 3826 703 3911 leges
727 3847 745 3888 a
768 3828 892 3887 duobus
915 3824 1051 3908 collegis
1070 3824 1149 3888 latas
1171 3838 1329 3911 tamquam
1352 3829 1431 3889 duas
1454 3822 1547 3888 addita
1563 3810 1591 3873 ul

214 3994 218 4002 Ι
309 3921 384 4000 pule
406 3919 559 3983 efferendi
581 3919 742 3996 (Caecilia
762 3930 801 3981 et
815 3918 942 3993 Didia,
966 3918 1079 3982 Gellia
1099 3931 1140 3982 et
1161 3919 1462 3996 Cornelia,1urriu
1482 3927 1517 3980 et
1538 3903 1591 3981 Lici

310 4013 388 4087 niu,
412 4012 547 4076 Licinia
567 4018 608 4074 el
629 4011 769 4086 Mucia,
794 4010 958 4075 Terentia
979 4023 1016 4075 et
1037 4012 1171 4090 Caesius)
1186 4012 1278 4075 lacile
1296 4020 1461 4074 nsusnermu
1479 4003 1591 4091 pluras

311 4118 452 4197 pareret.
496 4107 595 4186 Quod
617 4117 720 4169 auteur
744 4102 862 4169 Cicero
885 4105 933 4167 bis
955 4106 1056 4190 legero
1078 4105 1228 4181 Aelium,
1251 4096 1345 4168 sbrncl
1366 4106 1472 4214 legens
1495 4095 1591 4180 nusum

311 4198 481 4279 separatim
506 4218 569 4261 usne
596 4199 722 4263 nomine
745 4199 970 4281 appellaverit,
993 4221 1031 4262 ue
1053 4199 1084 4261 id
1105 4197 1231 4281 quidem
1254 4199 1507 4265 controversiam
1525 4198 1591 4337 poltp

311 4291 477 4366 dirimere,
501 4313 572 4354 oum
595 4313 659 4357 nou
681 4310 758 4356 raro
779 4314 838 4355 suna
859 4293 911 4355 lex
933 4313 954 4354 a
979 4295 1103 4357 duobus
1123 4292 1256 4377 collegis
1278 4293 1347 4361 lata
1363 4314 1406 4357 ex
1428 4312 1494 4355 uno
1509 4293 1591 4351 trull

312 4394 442 4447 auctore
469 4384 666 4460 nominetur,
702 4395 737 4446 ut
764 4406 816 4460 eu,
844 4407 945 4468 qurum
973 4387 1118 4450 eonsules
1141 4387 1300 4471 'I'arpeius
1321 4398 1353 4449 et
1375 4383 1527 4451 Aternius
1546 4373 1591 4437 lull

311 4486 402 4581 runt,
428 4479 523 4541 ruodo
550 4479 715 4561 Tarpeia,
741 4481 836 4542 ruodo
853 4480 1016 4557 Aternia,
1041 4492 1073 4544 et
1094 4502 1149 4558 es,
1174 4501 1267 4566 quiam
1283 4479 1527 4562 promulgarunt
1538 4460 1591 4534 Luc!

312 4567 382 4631 nius
404 4579 436 4631 et
458 4571 584 4634 Sextius
607 4571 723 4635 tribuni
744 4572 866 4653 plebis,
900 4574 1088 4665 plerumque
1109 4573 1295 4657 simpliciter
1315 4571 1455 4638 Licinia
1475 4563 1591 4662 appelltl

312 4672 373 4727 est.
416 4663 578 4745 Quidquid
608 4677 710 4727 autem
739 4667 777 4728 de
806 4686 841 4729 eu
864 4688 899 4728 re
920 4678 1092 4743 statuatur,
1125 4668 1157 4731 iu
1180 4670 1242 4735 hoc
1265 4667 1373 4731 saltem
1396 4664 1475 4729 milri
1496 4649 1588 4726 indulsi

313 4762 346 4820 ut
374 4778 482 4822 ourures
511 4757 658 4832 locos,
649 4778 682 4820 ιιι
700 4759 823 4843 quibus
847 4759 958 4825 Aeliae
988 4772 1018 4823 et
1042 4760 1151 4827 Fufius
1175 4762 1226 4826 uel
1248 4758 1441 4826 coniunctim
1466 4755 1514 4821 rel
1534 4764 1591 4827 sept
