3214 5586
1142 315 1154 349 Χ

638 381 790 447 INDEX
810 380 993 447 LEGUM.
1408 381 1471 453 otu

142 524 267 592 Cussix
282 527 324 589 L.
340 523 453 590 Cassii
469 523 621 608 Longini
637 522 757 587 un'bnni
775 522 878 605 plebis
894 544 924 585 a.
941 545 975 586 ιι.
992 521 1067 586 616.
1085 520 1153 606 (qui
1167 523 1322 604 scopulus
1337 545 1466 588 reorum

136 620 169 684 in
189 629 338 701 praetura
359 617 461 681 dictus
485 629 549 692 est,
575 616 727 702 citiusque
742 620 792 705 χιιι)
813 617 1013 682 severitatem
1036 617 1153 680 iudices
1172 617 1277 683 severi
1300 618 1374 681 dicti
1393 628 1468 681 siant

136 713 297 790 Cassiani)
319 713 361 776 de
379 712 504 795 populi
523 712 671 786 iudicio,
697 723 730 775 ut
747 709 867 776 Cicero
884 723 980 774 vocat
1000 712 1038 773 de
1054 710 1199 794 Legibus
1215 712 1236 777 l.
1253 733 1284 776 c.
1329 714 1376 775 Ea
1395 714 1467 796 lege

135 806 289 872 sancitum
311 816 375 879 est,
399 818 439 869 ut
459 806 603 869 tultellae
624 806 729 869 etiam
749 806 785 867 in
799 804 931 869 iudicio
944 804 1065 887 populi
1079 805 1342 881 adhiberentur,
1363 828 1468 889 prae·
1548 844 1554 851 -

135 913 293 986 terquom
320 900 357 962 in
386 899 515 963 iudicio
538 899 798 983 perduellionis.
841 896 943 964 Conl.
965 920 1028 980 pro
1051 899 1163 963 Sextio
1192 922 1220 962 c.
1245 900 1299 964 ts,
1346 900 1410 964 Sed
1435 894 1483 964 in*

133 995 195 1057 hac
223 992 297 1077 lege
325 993 533 1077 intelligenda
556 991 631 1055 mihi
655 992 803 1055 videntur
827 992 915 1054 multi
938 994 1023 1057 docti
1047 994 1190 1056 homines
1213 1012 1278 1059 non
1306 996 1382 1061 satis
1406 994 1469 1057 viru

132 1090 307 1151 verborum
328 1086 510 1168 pel-cipere.
554 1085 709 1151 Nam'itn
735 1086 829 1150 video
854 1086 1092 1168 fcreaceipere
1115 1088 1197 1150 hanc
1219 1088 1338 1179 legem,
1372 1101 1407 1152 ut
1429 1091 1467 1151 de

131 1181 184 1245 his
207 1180 330 1244 iudiciis
352 1182 413 1244 latr
436 1181 493 1257 sit,
519 1202 600 1262 quae
623 1181 654 1243 in
676 1181 816 1246 comitiis
838 1179 951 1263 populi
970 1181 1066 1256 fiant,
1091 1186 1180 1265 quod
1200 1184 1323 1247 dicatur
1342 1184 1384 1246 de
1404 1204 1469 1266 po-

128 1277 208 1360 puli
227 1276 376 1347 iudicio,·
401 1277 490 1360 quod
514 1287 563 1338 est
585 1275 713 1339 laisum.
756 1277 839 1338 uam
865 1274 898 1336 in
923 1275 971 1337 his
995 1277 1088 1339 etiarn
1113 1277 1235 1341 iudiciis
1257 1279 1394 1342 tabellae
1414 1278 1469 1339 ed·

132 1373 300 1444 hibentur,
324 1390 406 1454 qnae
427 1370 598 1433 neclectis
613 1369 783 1433 iudicibus
802 1380 1012 1446 exercentur,
1037 1383 1132 1453 atque
1150 1371 1181 1434 id
1203 1395 1242 1434 ex
1262 1372 1333 1451 lege
1349 1372 1472 1436 Cossio

133 1465 253 1530 fectrun
284 1475 380 1547 atque
409 1475 482 1526 ente
510 1483 591 1527 voce
623 1464 867 1546 pronuntiatum
896 1485 965 1527 esse
993 1477 1092 1547 pulo;
1128 1470 1216 1550 quod
1240 1458 1332 1530 etiem
1357 1476 1471 1546 postea

135 1561 241 1625 sanxit
264 1559 317 1621 lex
339 1559 500 1622 Cornelia
524 1560 562 1621 de
586 1554 741 1621 sententia
765 1557 913 1631 serenda,
949 1571 984 1621 ut
1009 1560 1143 1623 liberum
1168 1572 1250 1623 esset
1278 1582 1336 1622 reo
1358 1572 1471 1642 postue

135 1655 218 1718 lere.
254 1674 319 1735 pro
341 1650 471 1717 Cluent.
495 1674 525 1715 c.
550 1653 604 1716 20.
648 1652 785 1733 Decepit
808 1656 921 1717 doctos
943 1652 1085 1716 homines
1110 1675 1175 1719 vox
1196 1654 1335 1736 populi,·
1366 1674 1468 1735 neque

63 1790 72 1809 .
135 1748 382 1823 intellexerunt,
405 1748 525 1830 populi
547 1747 676 1810 iudicia
698 1746 760 1810 dici
787 1769 850 1810 non
871 1748 975 1810 solum
998 1769 1052 1821 ea,
1078 1769 1160 1830 quae
1182 1750 1221 1810 ab
1239 1746 1391 1810 universo
1411 1768 1470 1827 po·
1557 1790 1561 1797 -

135 1843 216 1926 pello
235 1841 266 1904 in
288 1841 426 1905 comitiis
450 1854 607 1926 aguntur,
641 1845 698 1905 sed
716 1841 819 1904 omnia
839 1842 993 1923 publica,
1022 1843 1056 1904 h.
1081 1863 1130 1917 e.‚
1155 1842 1321 1924 inquibus
1343 1862 1469 1905 carnae

131 1936 291 2019 publicae
306 1946 359 1997 aut
373 1936 522 1997 crimina
535 1936 688 2018 publica,
713 1957 795 2018 quae
811 1940 987 2010 vocentur,
1012 1934 1145 1998 iudicari
1162 1936 1283 2009 solent,
1309 1947 1466 2017 tunquam

135 2033 174 2095 de
189 2028 393 2110 repetundis,
419 2031 457 2093 de
472 2030 610 2107 ambitu,
635 2033 674 2094 de
691 2029 737 2105 vi,
762 2026 996 2100 demensum,
1021 2041 1085 2092 cet.
1130 2031 1337 2092 Haerentem
1354 2027 1469 2097 iudicia

129 2122 254 2208 populi
275 2123 405 2186 iudicia
427 2125 642 2206 appellantur,
665 2124 788 2206 primo,
813 2125 886 2206 quia
910 2123 985 2187 olirn
1009 2123 1076 2204 ipse
1102 2125 1243 2206 populus
1265 2133 1466 2198 exercuerat,

133 2239 206 2279 crini
234 2228 364 2298 postea,
401 2218 640 2300 quaestionibus
668 2217 832 2299 perpetuis
863 2238 893 2279 a.
917 2239 949 2282 u.
972 2219 1061 2291 ullu,
1097 2221 1242 2300 adeoque
1264 2230 1335 2279 ante
1365 2217 1468 2297 legem

132 2312 310 2387 Cassiam,
347 2311 496 2375 constitui
526 2311 668 2393 coeptis,
704 2311 807 2375 ornnie
836 2331 853 2371 a
881 2310 1008 2374 selectis
1037 2312 1191 2375 iudicibus
1222 2323 1466 2384 exercerentur,

134 2416 268 2489 practer
296 2427 393 2468 unum
419 2406 667 2488 perduellionis
688 2405 872 2477 iudicium,
907 2409 993 2486 quod
1024 2406 1096 2485 lege
1126 2405 1286 2486 excipitur
1315 2414 1346 2466 et
1367 2425 1467 2486 usqne

134 2504 174 2564 ed
197 2500 302 2583 legem
325 2500 453 2564 Icilium
475 2501 516 2563 ile
540 2501 572 2562 ni
594 2499 704 2581 populi
728 2498 866 2561 universi
882 2499 957 2572 luit,
984 2520 1016 2561 ν.
1041 2502 1180 2563 Hotorn.
1204 2503 1243 2561 ad
1266 2501 1367 2562 Verr.
1389 2498 1415 2563 l.
1434 2499 1466 2563 ὅ.

134 2606 166 2659 et
189 2595 287 2659 Oret.
311 2613 372 2673 pro
396 2595 510 2657 Rabir.
534 2595 651 2667 Perd.;
675 2592 805 2667 deinde,
831 2591 904 2674 qnia
924 2593 1027 2661 iussu,
1053 2595 1180 2677 legibus
1206 2592 1315 2674 populi
1340 2603 1370 2652 et
1391 2590 1466 2656 loco

96 2726 101 2731 -
135 2687 249 2772 populi
271 2708 288 2749 a
313 2685 470 2749 iudicibus
491 2688 802 2751 administrabantur.
848 2686 922 2751 Cic.
946 2687 1046 2751 Verr.
1070 2688 1113 2749 V.
1139 2687 1196 2750 tu:
1241 2689 1320 2769 Quo
1341 2682 1469 2776 confu-
1544 2732 1550 2747 .

139 2783 234 2866 gient
253 2782 367 2845 sorti?
382 2818 397 2833 ·
414 2818 430 2833 ·
451 2783 498 2846 acl
512 2786 676 2865 populum
692 2785 888 2847 Romanum
902 2779 1136 2891 corffugient?
1147 2780 1278 2871 facilis
1293 2794 1345 2845 est
1360 2802 1467 2847 rorum

137 2878 271 2959 populi.
314 2879 444 2960 Legem
465 2878 555 2940 enirn
578 2898 612 2940 se
634 2876 807 2941 sociorum
829 2898 936 2951 <curso
954 2877 1097 2940 stersisse
1118 2889 1150 2938 et
1181 2877 1292 2939 cosei
1314 2878 1383 2947 leri
1407 2899 1466 2939 cer-

141 2970 257 3034 nodos
279 2992 321 3034 ac
342 2971 491 3036 uindices
510 2970 754 3055 praeposuisse
779 2969 880 3040 diret.
926 2972 1017 3033 Haec
1040 2973 1171 3033 tenenda
1198 2984 1269 3035 siunt
1295 2970 1464 3043 tironibus,
1530 3000 1536 3007 ·

141 3085 211 3126 cirin
229 3064 355 3148 legunt,
378 3087 460 3149 quae
476 3067 627 3149 Sigonius
645 3066 683 3125 de
701 3063 829 3125 iudiciis
845 3065 887 3126 L.
905 3064 972 3127 lu.
991 3087 1020 3128 c.
1039 3068 1069 3127 1.
1088 3067 1119 3128 2.
1144 3068 1182 3127 de
1196 3066 1316 3147 populi
1338 3065 1467 3129 iurlirio

135 3156 228 3221 dixit.
274 3160 389 3241 Neque
412 3160 492 3221 enirn
515 3160 592 3221 satis
617 3157 764 3220 distincte
787 3179 851 3219 rein
875 3159 1020 3231 tradidit,
1044 3171 1076 3221 et
1102 3181 1136 3220 ea
1163 3171 1323 3241 tempora,
1352 3161 1467 3242 quibus

134 3272 246 3316 omnes
273 3272 386 3315 canisae
416 3253 563 3334 pirblicac
591 3255 630 3313 ad
665 3251 817 3332 populum
846 3258 1023 3336 agebantur
1050 3253 1202 3335 solaeque
1225 3266 1466 3318 colurorersrae

132 3346 280 3429 privatae
296 3348 336 3408 ad
352 3347 570 3432 magistratum
586 3346 654 3407 sine
669 3345 807 3407 consilio
824 3347 958 3408 iudicum
977 3350 1173 3425 agebantur,
1193 3352 1232 3408 ab
1249 3348 1296 3409 liis
1309 3349 1464 3425 distinxit,

133 3441 251 3522 quibus
275 3441 421 3520 publicae
448 3461 561 3504 canisae
584 3461 695 3501 oirrnes
722 3442 760 3501 ed
787 3430 903 3502 iudices
931 3443 1086 3512 selectos.
1119 3455 1249 3523 practer
1272 3464 1365 3503 ιιιιιιιιι
1397 3464 1469 3524 prr·

134 3532 302 3596 direllionis
324 3534 463 3610 crimen,
494 3546 581 3596 actae
607 3543 691 3595 siant.
739 3535 817 3596 Nam
842 3545 871 3595 et
896 3536 1061 3615 peculatus
1088 3547 1119 3596 et
1144 3538 1314 3597 ruaicstatis
1341 3558 1465 3612 canisae,

134 3648 213 3708 quas
237 3629 367 3707 populo
394 3629 542 3711 proprias
565 3627 663 3711 luisse
692 3627 784 3700 dicit,
820 3630 860 3688 ad
888 3628 1009 3689 iudices
1034 3642 1121 3689 artae
1147 3642 1229 3693 euru.
1276 3629 1352 3691 Vid.
1380 3651 1409 3690 v.
1435 3653 1466 3694 c.
1568 3646 1572 3653 ·

135 3722 212 3783 Art.
238 3722 268 3783 1.
292 3721 323 3784 in
348 3725 447 3786 Verr.
472 3746 502 3785 c.
529 3723 580 3785 13.
627 3720 792 3799 Inprimis
815 3719 1028 3785 «inrisiones
1052 3724 1343 3786 estVerr.l.th:
1383 3729 1467 3788 Cor·
1570 3774 1573 3779 .

136 3818 228 3879 nella
246 3819 522 3889 testamentoria,
547 3815 728 3887 nieman-io,
752 3827 884 3877 ceterae
905 3819 1117 3897 ‹nrnpluress
1139 3818 1172 3880 in
1189 3818 1312 3900 qnilnrs
1327 3839 1393 3880 non
1410 3819 1466 3883 ins

135 3911 276 3994 aliquod
295 3932 419 3974 nonum
440 3914 570 3994 populo
591 3909 831 3981 constituitur,
856 3910 918 3971 sed
936 3911 1106 3985 sancitur,
1133 3924 1187 3986 ut,
1213 3913 1305 3995 qnod
1330 3935 1465 3995 semper

136 4006 264 4066 malurn
276 4002 429 4092 focinus
440 4003 581 4096 suerit,
606 4006 680 4068 eius
702 4003 859 4087 prroestio
880 4004 927 4065 ad
947 4006 1114 4085 populum
1132 4006 1317 4087 pertineat.
1363 3992 1489 4089 Atqqi'

134 4097 194 4159 hee
218 4119 331 4160 canisae
354 4102 437 4179 apud
457 4101 595 4161 selectos
619 4097 737 4159 iudices
761 4111 861 4158 actae.
899 4099 979 4162 Eun.
1183 4112 1186 4123 ⁴
1253 4106 1256 4111 '

219 4193 310 4275 Lege
334 4190 443 4257 Cassia
467 4194 618 4255 sanciturn
642 4193 719 4263 luit,
753 4204 784 4252 ut
808 4193 940 4252 tabellae
964 4191 1056 4254 etiarn
1078 4191 1109 4254 in
1133 4191 1251 4254 iudicio
1276 4193 1386 4272 populi
1410 4197 1464 4256 ad-

131 4283 333 4362 hiberentur,
359 4298 582 4370 praeterquam
607 4286 636 4347 in
661 4286 775 4348 iudicio
799 4287 1039 4365 perduellionis.
1085 4286 1130 4348 At
1156 4307 1236 4348 vero
1261 4309 1364 4350 rionrie
1388 4311 1461 4369 per·

129 4379 238 4461 spicua
262 4393 332 4442 sunt
356 4383 433 4443 beec
459 4384 555 4443 verba
578 4402 614 4443 ac
637 4382 730 4461 plane
754 4380 1060 4461 manifestatoriis
1083 4403 1217 4462 ιιιιιμιιιιι
1244 4383 1408 4443 liacsitabit
1431 4384 1460 4446 in

132 4474 350 4558 explicando?
374 4476 551 4538 Haesitavit
575 4475 623 4536 vir
639 4474 839 4537 doctissimus
857 4475 1037 4536 Ernestius.
1083 4475 1178 4536 Haud
1195 4475 1275 4537 cuin·
1293 4475 1459 4551 intellexit,

129 4591 169 4632 ne
199 4570 229 4631 in
260 4569 397 4632 comitiis
430 4580 689 4632 comrrroverctur
716 4566 913 4647 optimatium
945 4567 1034 4646 qucbs
1067 4569 1135 4630 sive
1168 4569 1355 4632 auctoritate
1391 4570 1459 4634 eive

129 4664 264 4733 timore.
289 4665 410 4727 idcirco
434 4666 506 4746 lege
526 4664 577 4726 illa
592 4663 692 4725 fnisse
706 4672 850 4735 casuum,
875 4671 909 4723 ut
931 4682 969 4722 nc
986 4661 1057 4723 vire
1074 4682 1169 4734 unce,
1196 4666 1458 4745 queniadmodrun

130 4770 223 4822 enter
250 4758 322 4822 lieri
353 4758 481 4822 solitum
512 4772 598 4832 eret,
634 4759 690 4820 sed
721 4755 814 4817 tacite
843 4777 900 4837 per
932 4757 1065 4818 tabellas
1097 4758 1248 4839 sriffragia
1279 4759 1457 4820 ferrentur:

134 4864 248 4916 contra
271 4853 331 4917 sibi
354 4854 509 4935 persuasit
536 4851 681 4918 Cassiam
703 4851 785 4912 hanc
807 4850 910 4934 tegern
931 4851 1016 4912 hacid
1037 4853 1077 4912 ad
1100 4852 1226 4915 enuntia
1256 4851 1457 4934 populiense
