3328 5576
307 371 347 437 n
844 330 854 351 ⁸
911 356 1077 433 runnu·

272 524 273 529 ’
305 534 365 578 nus
392 535 455 597 pro
482 511 552 576 eive
576 533 611 578 se
639 522 785 598 gereret,
820 509 919 575 fuisse
945 511 1038 573 etiam
1066 509 1157 577 aliam
1183 509 1329 596 Papiam
1350 510 1561 593 maiestati„
1589 521 1627 586 in

306 610 410 674 verbo
432 612 557 693 Παφίῃ
578 618 689 691 posset
711 607 805 670 alludi
829 608 871 669 ad
890 605 975 669 illam
997 606 1102 691 legero
1130 604 1275 688 Papiam.
1316 607 1352 669 S.

389 706 438 770 Ori
468 704 568 769 sarisb
590 714 627 771 ἐκ
651 706 709 767 τοῦ
729 703 847 777 αὐτοῦ,
874 721 943 765 non
964 700 1055 765 idem
1069 723 1118 765 ex
1138 701 1270 764 eodem.
1299 702 1425 770 adAtt.
1443 703 1526 766 XV.
1543 704 1575 779 1,
1595 706 1630 769 d.

391 801 439 864 ot
464 798 585 865 ταύτὸν
609 795 703 872 εἶδος.
748 794 963 877 Supplendum
987 816 1029 858 ex
1056 793 1221 875 Euripidis
1242 794 1324 859 Ione
1347 795 1405 877 [r.
1433 797 1529 879 ssu]
1551 811 1633 880 mos-

307 919 395 960 νεται
421 897 484 959 τόν
506 893 708 978 πραγμάτων
735 891 907 976 πρόσωθεν
930 890 1030 955 ὄντων
1048 889 1184 973 ἐγγύθεν
1201 891 1232 955 θ’
1254 892 1433 975 ὁρωμένων.
1478 893 1636 956 Nonea-

306 990 384 1051 dem
388 985 513 1078 facies
526 997 683 1070 apparet,
700 1007 777 1048 cum
789 1006 846 1049 res
854 987 979 1067 procul
992 995 1118 1048 suntet
1132 1005 1210 1047 cum
1223 998 1551 1068 propercernuntur.
1596 991 1637 1050 ad

307 1082 381 1147 Au.
410 1082 514 1146 XIII.
546 1084 606 1157 11,
641 1085 674 1144 1.
729 1082 847 1143 Sensus
874 1089 939 1141 est:
973 1079 1050 1142 Non
1080 1098 1211 1160 possum
1237 1098 1295 1155 eo,
1330 1099 1395 1163 quo
1417 1091 1509 1156 aute,
1546 1078 1638 1146 voltu

306 1176 443 1252 intueri,
465 1173 525 1238 tibi
550 1176 743 1261 gratificari,
768 1196 838 1237 cum
862 1173 1040 1248 didicerim,
1064 1172 1117 1254 qui
1139 1172 1196 1236 sis.
1241 1173 1326 1236 Esu.

219 1341 221 1345 ,
359 1304 362 1317 ¹
391 1271 485 1337 otro
507 1297 570 1337 που
598 1275 662 1337 τῶν
686 1269 832 1356 πρόσθεν
853 1267 1059 1351 ἐπευθόμεθα
1082 1274 1160 1333 κλέα
1182 1268 1328 1355 ἀνδρῶν,
1351 1266 1635 1360 Siesereeorum

307 1365 368 1449 qui
389 1377 469 1429 aute
489 1365 652 1430 aixerunt
673 1364 829 1428 virorum
854 1362 1080 1426 audiebamus
1100 1361 1233 1425 batales.
1256 1364 1297 1425 ad
1319 1363 1391 1427 Att.
1414 1363 1499 1428 VII.
1525 1368 1578 1441 11,
1603 1366 1632 1432 3.

188 1459 193 1472 ’
307 1460 409 1525 Hom.
435 1460 478 1524 ll.
503 1487 533 1533 ι,
559 1481 591 1524 v.
612 1459 687 1523 521.

392 1557 465 1634 Οὐχ
490 1557 564 1634 ὁσίη
595 1561 816 1639 φθιμένοισιν.
872 1552 912 1614 aa
937 1550 1010 1615 Art.
1036 1549 1101 1615 lv.
1130 1552 1166 1625 7,
1200 1552 1233 1616 2.
1284 1552 1481 1615 Hexameter
1506 1552 1632 1640 integer

307 1645 354 1711 sie
371 1648 486 1712 habet:
509 1651 581 1728 Οὔχ
603 1651 681 1728 ὁσίη
705 1655 918 1732 φθιμένοισιν
943 1648 992 1717 ἐπ’
1016 1646 1181 1734 ἀνδράσιν
1208 1646 1449 1725 εὐχετάασθαι,
1465 1644 1543 1735 sat
1564 1670 1632 1714 non

307 1755 360 1806 est
382 1742 466 1808 viris
491 1746 639 1809 mortuis
661 1743 841 1809 insultare.
886 1739 1082 1805 Homericus
1104 1760 1217 1804 versus
1235 1752 1339 1804 estex
1356 1741 1477 1821 Odyss.
1498 1769 1533 1822 χ,
1558 1743 1629 1806 112.

308 1840 372 1902 Sed
396 1841 481 1920 apud
501 1839 679 1905 Homerum
703 1849 751 1902 est
772 1849 983 1920 κταμένοισιν
1005 1836 1117 1899 eodem
1138 1854 1246 1898 sensu.
1291 1833 1373 1898 Cum
1391 1837 1491 1900 verba
1513 1859 1630 1902 memo·

307 1934 386 1997 riter
404 1934 588 2010 laudantur,
611 1932 705 1998 facile
725 1929 907 1997 huiusmodi
930 1929 1005 2013 quid
1023 1939 1173 1993 roumtur.
1217 1929 1379 1994 Laudavit
1396 1931 1483 1995 buno
1505 1952 1629 1997 rusum

308 2025 402 2090 etiam
425 2025 550 2092 Plinius
569 2028 677 2110 Epist.
700 2027 767 2090 IX.
795 2029 827 2089 1.
871 2026 956 2089 Euu.

391 2124 584 2203 Ὀφισῦχος,
601 2122 849 2205 Anguitenens,
867 2116 1157 2198 Sidus.‘„Propter
1168 2130 1264 2201 caput
1275 2129 1377 2182 autem
1389 2118 1628 2205 Anguitenens:

487 2221 599 2298 Quem
620 2218 716 2299 claro
727 2213 909 2296 perhibent
936 2210 1154 2294 Ophiuchum
1180 2213 1316 2277 nomine
1337 2213 1455 2289 Graii,

478 2310 555 2375 'Hie
567 2330 693 2392 pressu
709 2307 839 2391 duplici
855 2309 1054 2391 palmarum
1074 2305 1225 2371 eontinet
1246 2305 1449 2392 Anguem.'’

308 2404 348 2465 de
370 2403 449 2466 Nat.
472 2402 578 2468 Deor.
602 2404 651 2467 ll.
669 2403 727 2478 12,
753 2403 828 2467 109.
873 2399 969 2466 Arati
989 2400 1106 2487 fragm.
1129 2401 1168 2464 12
1191 2410 1222 2463 et
1245 2402 1298 2464 11.

389 2499 606 2582 'obeuntum
636 2519 716 2562 sero
741 2496 929 2573 discentes,
952 2493 1025 2559 seri
1048 2495 1265 2571 studiorum,
1291 2506 1324 2558 ut
1345 2494 1503 2562 Horatius
1526 2501 1631 2581 appel·

310 2591 354 2653 lat
377 2593 508 2674 [Serra.
532 2593 562 2657 1.
586 2594 644 2668 10,
670 2591 745 2676 21].
789 2592 876 2654 Eun.
926 2591 1152 2674 ,,Ὀψιμαθεῑς
1174 2588 1318 2655 homiues
1344 2589 1407 2657 sois
1429 2613 1525 2677 quarn
1546 2592 1630 2659 inso-

310 2685 409 2749 lentes
437 2685 544 2751 aiot.’'
588 2687 628 2749 ad
649 2686 742 2753 Fam.
766 2685 830 2751 IX.
853 2683 912 2760 20,
937 2682 968 2751 2.
1258 2677 1271 2689 ’

938 2857 1001 2943 Π.

262 3124 267 3135 .
396 3063 536 3140 Πόθος,
568 3059 751 3155 affectus,
784 3059 1000 3143 perturbatio
1036 3059 1157 3123 animi.
1210 3107 1225 3135 „
1235 3062 1343 3141 Quare
1374 3064 1553 3127 obduretur
1576 3065 1628 3127 lios

312 3159 468 3234 triduum,
493 3170 527 3221 ut
545 3170 575 3221 te
598 3177 729 3241 quoque
747 3175 864 3237 ponam
886 3154 918 3216 in
935 3156 1048 3218 eodem
1071 3153 1210 3221 πόθει.”
1232 3159 1271 3218 ad
1292 3158 1364 3220 Au.
1386 3156 1521 3231 xlta,
1549 3160 1580 3219 1.
1598 3193 1630 3205 -

312 3255 448 3337 „Itaque
487 3251 652 3334 praeclare
683 3249 803 3325 nostri,
835 3260 871 3312 ut
900 3246 961 3333 alia
990 3248 1107 3324 multa,
1143 3249 1338 3326 molestiam,
1374 3250 1631 3326 sollicitudinem,

312 3366 485 3430 angorem,
524 3357 661 3428 propter
696 3342 934 3407 similitudinem
967 3362 1142 3424 corporum
1176 3364 1371 3426 aegrorum,
1406 3344 1631 3428 aegritudinem

312 3439 569 3504 nominaverunt.
613 3440 689 3503 Hoc
715 3439 950 3520 propemodum
978 3436 1080 3501 verbo
1107 3437 1225 3501 Graeci
1247 3458 1372 3502 omnem
1395 3439 1487 3502 animi
1510 3451 1632 3522 pertru-

311 3533 473 3599 bstioocm
501 3533 685 3616 appellant:
714 3542 833 3599 vocant
859 3529 940 3594 enim
968 3530 1089 3607 πόθος,
1117 3529 1148 3593 id
1177 3543 1224 3595 est
1253 3534 1426 3608 morbum,
1446 3535 1632 3620 ,quicunqne

313 3640 361 3691 est
392 3640 496 3692 motus
529 3628 560 3690 in
593 3628 697 3692 animo
720 3624 887 3689 turbidus:
923 3645 982 3689 uos
1005 3624 1157 3689 urelius.'’
1207 3628 1308 3691 Tuos.
1332 3627 1398 3691 ΙΙΙ.
1424 3629 1481 3703 10,
1513 3629 1565 3693 23.
1593 3663 1632 3674 -

312 3723 411 3806 „Nec
434 3743 512 3786 vero
535 3722 793 3805 perturbationes
816 3718 1011 3796 animorum,
1036 3740 1117 3805 quiae
1140 3718 1236 3783 vitam
1253 3718 1466 3811 insipientium
1490 3712 1632 3789 miseram

312 3819 523 3903 acerbamque
551 3818 688 3883 reddunt
710 3818 809 3899 (quas
836 3813 955 3878 Graeci
977 3816 1067 3893 πάθη
1095 3815 1278 3897 appellant,
1313 3827 1456 3898 poteram
1479 3839 1543 3903 ego
1563 3822 1652 3883 rer?

312 3914 387 3977 burn
409 3911 514 3995 ipsum
533 3911 746 3994 interpretans
768 3910 902 3973 morbos
925 3909 1108 3990 appellaret
1132 3911 1188 3973 sed
1210 3930 1273 3973 non
1295 3911 1485 3975 conveniret
1504 3915 1547 3979 ad
1568 3937 1633 3979 om·

312 4006 387 4070 uia:
423 4008 493 4091 quis
519 4006 600 4070 enim
623 4003 872 4068 misericordiam
892 4013 945 4066 aut
967 4001 1068 4086 ipsam
1088 4001 1284 4066 iracundiam
1306 4008 1452 4068 morbum
1478 4007 1567 4072 solet
1590 4008 1634 4072 di·

312 4101 410 4165 cere?
444 4100 541 4164 atilli
565 4098 674 4163 dicunt
697 4100 822 4174 ιιόθοςι
859 4097 900 4160 sit
922 4095 1020 4180 igitur
1043 4097 1278 4180 perturbatio,
1314 4120 1394 4183 quae
1417 4102 1544 4165 nominc
1566 4101 1635 4184 ipso

178 4192 185 4205 '
284 4196 428 4258 >uitiosa
464 4193 620 4258 declarari
648 4193 827 4277 uidet‘ur);x
851 4213 910 4255 nec
936 4193 994 4253 hae
1019 4191 1281 4274 perturbationes
1307 4191 1341 4256 ri
1370 4193 1475 4278 aliqua
1503 4193 1637 4258 natirrali

311 4288 524 4353 morentur.''
569 4291 607 4351 dc
629 4287 722 4351 Fiun.
745 4286 812 4351 Ill.
838 4288 897 4362 10,
928 4286 982 4354 35.
1006 4318 1045 4330 -
1098 4288 1167 4360 ,Α.
1198 4286 1340 4351 Videtur
1370 4285 1446 4350 mihi
1470 4290 1585 4352 eadere
1609 4290 1637 4353 iu

313 4383 487 4466 sapientem
517 4382 701 4466 aegritudo.
731 4381 785 4443 M.
810 4379 897 4449 uum
925 4379 1069 4464 reliquae
1091 4401 1221 4465 quoque
1242 4381 1503 4464 perturbationes
1525 4382 1635 4458 animi,

312 4476 520 4549 formidines,
545 4475 708 4551 libidines,
732 4472 937 4537 iracundiae?
959 4475 1052 4538 Haec
1074 4473 1155 4537 enim
1176 4475 1246 4538 fere
1267 4489 1340 4540 sunt
1363 4474 1532 4555 eiusmodi,
1559 4498 1637 4564 quae

314 4572 433 4637 Graeci
461 4572 554 4650 πάθη
581 4570 759 4653 appellant:
793 4589 856 4653 ego
878 4580 1025 4649 poteram
1048 4569 1204 4644 morbos;
1238 4582 1270 4634 et
1291 4571 1323 4634 id
1345 4573 1479 4635 verbum
1509 4582 1593 4635 esset
1621 4591 1636 4632 e

312 4667 436 4740 verbo;
459 4665 561 4729 sedin
584 4661 846 4733 cousuetudinem
868 4672 1011 4726 nostram
1035 4684 1098 4728 uon
1121 4667 1261 4729 caderet.
1305 4667 1387 4729 Naro
1406 4663 1568 4741 misereri,
1591 4664 1635 4726 in·

232 4807 235 4815 .
310 4759 441 4835 videre,
466 4757 604 4844 gestire,
633 4758 760 4834 laetari,
791 4758 870 4820 haec
893 4756 998 4822 omnia
1020 4760 1152 4824 morbos
1176 4758 1295 4827 Graeci
1317 4758 1500 4844 appellant,
1532 4770 1633 4825 morus

272 4934 277 4939 ,
312 4853 406 4919 animi
434 4852 549 4918 rationi
577 4873 642 4917 non
668 4854 946 4937 obtemperantem
985 4873 1045 4918 nos
1071 4864 1174 4925 autem
1195 4854 1257 4920 hos
1279 4856 1406 4919 eosdem
1432 4865 1538 4920 motus
1561 4875 1632 4919 con·
