3490 5586
554 402 560 417 x
634 366 701 437 An
730 366 992 441 Ascoulum.
1417 373 1479 441 391

143 526 278 573 serum.
323 509 405 590 Sed]
430 512 598 577 Volusrat
626 525 649 578 t.
670 536 704 581 a.
725 515 750 579 i.
769 539 808 600 p.
830 537 1019 582 causarum
1043 538 1115 583 esse
1144 516 1357 583 0111010-
1387 520 1478 584 Erat

146 594 336 658 confirment
360 597 453 662 codd.
476 617 595 664 omues.

232 680 272 742 P.
298 679 351 741 19.
375 678 398 742 Ι.
422 681 454 744 9.
476 702 508 745 a.
531 681 652 761 11.]αᾶ
672 683 745 748 Ric.
770 686 886 748 Ambr.
909 688 1011 749 Lsur.
1036 687 1138 753 Goth.
1284 748 1287 753 .

231 762 272 827 Ρ.
297 764 349 828 19.
373 765 397 827 1.
422 765 453 829 3.
479 767 596 850 Quint.
645 772 723 852 lpse
755 771 847 851 cum]
884 772 1061 853 Quintilis.
1113 776 1191 855 Ipse
1220 794 1298 837 cum
1330 772 1405 836 Ric.
1435 807 1476 819 -

146 848 282 996 Quiut.L
308 849 394 914 inde
422 872 500 913 cum
528 853 645 916 Atubr.
672 854 775 918 Goth.
798 866 829 918 et
852 877 956 942 marg.
988 858 1098 942 Lugd.
1123 892 1164 904 -
1186 857 1268 942 quin
1299 857 1378 921 iude
1402 857 1476 941 ipse

146 954 225 996 cum
285 953 356 995 sur.

229 1017 272 1081 P.
297 1018 397 1082 19.1.
422 1018 455 1082 3.
477 1041 513 1082 a.
540 1020 591 1101 11.]
614 1021 661 1084 ad
680 1021 755 1085 Ric.
777 1022 893 1089 Ambr.
919 1027 1022 1089 Laur.
1047 1027 1149 1090 Goth.

229 1103 272 1165 P.
299 1104 349 1168 19.
375 1103 399 1165 l.
423 1106 455 1167 1.
479 1104 636 1186 redisset]
660 1108 818 1171 rediisset
838 1110 939 1176 Goth.

230 1186 272 1250 P.
297 1189 350 1250 19.
374 1187 397 1251 l.
422 1189 454 1251 6.
477 1190 512 1252 in
529 1190 617 1254 Asia
631 1194 806 1277 Pontoque
820 1195 971 1277 legatus]
992 1196 1029 1259 iu
1044 1195 1132 1262 Asia
1146 1198 1284 1280 legatus
1298 1199 1473 1282 Pontoque

143 1269 219 1335 Ric.
244 1274 360 1335 Ambe.
386 1276 489 1337 Laur.
516 1276 616 1340 Goth.

228 1356 271 1419 P.
297 1358 349 1421 19.
374 1358 396 1421 1.
423 1362 454 1421 7.
477 1360 603 1422 Lucttti
624 1394 664 1407 -
678 1356 909 1428 ⁵Mitridatem
932 1366 1034 1429 Goth.

229 1443 271 1505 P.
297 1444 350 1505 19.
374 1442 396 1505 l.
421 1445 453 1505 8.
476 1456 529 1507 est
552 1466 617 1508 om.
641 1445 716 1510 Ric.
739 1450 855 1521 Ambr.
880 1451 982 1512 Laur.
1006 1451 1108 1514 Goth.

228 1527 272 1589 P.
298 1527 349 1589 19.
374 1528 397 1590 1.
422 1529 453 1592 9.
472 1529 657 1613 postridie]
678 1531 791 1613 pridie
817 1533 955 1598 1110-
974 1535 1046 1617 pri.
1071 1536 1173 1598 Goth.
1203 1565 1243 1578 -
1267 1557 1328 1618 pr.
1355 1536 1471 1600 Ambr.

143 1611 249 1673 Lsur.
275 1612 387 1696 Lugd.
411 1645 451 1655 -
476 1613 509 1675 Si
531 1635 563 1684 0.
587 1615 621 1677 d.
646 1618 711 1681 111.
735 1620 860 1682 Nouos
880 1618 1000 1700 Quint.
1047 1616 1132 1683 Ceto
1158 1618 1322 1683 absolutus
1346 1631 1411 1696 est,
1442 1633 1474 1684 01

142 1696 286 1758 Scaurus
301 1700 545 1778 repetundarum
561 1701 741 1781 postulatus
765 1714 812 1764 001
827 1702 998 1784 postridie
1013 1706 1138 1769 Nouus
1152 1704 1270 1786 Quint.
1279 1728 1291 1777 ;
1315 1726 1378 1768 nou
1393 1717 1474 1788 post

140 1779 235 1842 diem
250 1783 409 1859 tertium,
435 1786 491 1846 sed
504 1796 583 1866 post
600 1785 691 1848 diem
705 1800 885 1870 quartum,
910 1807 950 1850 ex
966 1789 1186 1852 Rornanorum
1203 1811 1291 1853 more
1309 1790 1471 1873 loquendi,

141 1864 289 1930 Asconio
310 1866 511 1931 scribendum
526 1869 652 1932 luisset.
696 1872 798 1955 Atqui
815 1874 946 1935 verbum
964 1874 1133 1956 postridie
1151 1873 1294 1937 nonfuit
1313 1875 1345 1937 ia
1365 1888 1473 1939 vetere

142 1950 249 2025 libro,
273 1952 330 2013 sed
351 1951 554 2016 coniecturae
576 1957 726 2019 debetur:
756 1957 788 2019 in
813 1960 863 2019 cd.
889 1980 940 2039 pr.
965 1959 1084 2042 legitur
1101 1959 1174 2042 pri.
1197 1958 1229 2021 iu
1257 1962 1333 2025 cod.
1360 1961 1470 2042 Lugd.
1605 1961 1610 1971 '

141 2055 200 2116 pr.
226 2034 250 2096 i.
281 2057 311 2098 0.
338 2037 472 2118 pridie,
507 2040 594 2121 qutul
616 2043 806 2103 servandum
833 2054 917 2115 erst3
953 2044 1119 2127 legendum
1146 2055 1249 2108 eutem
1270 2044 1302 2107 ia
1324 2045 1471 2127 superio·

145 2119 233 2182 ribus
250 2119 409 2184 levissima
427 2122 600 2187 mutatione
622 2146 656 2186 a.
679 2126 714 2190 d.
737 2130 823 2190 1111.
848 2129 985 2191 Nonas.
1030 2130 1118 2192 1100.

234 2204 273 2266 P.
299 2206 352 2270 19.
376 2207 399 2268 Ι.
423 2209 454 2272 9.
478 2212 517 2274 G.
541 2230 607 2271 om.
629 2209 839 2273 1110111000.
862 2214 965 2278 Leur.
988 2214 1091 2276 Goth.

233 2288 274 2353 P.
298 2292 350 2353 19.
373 2292 396 2354 1.
421 2296 473 2355 10.
496 2297 539 2357 L.
560 2293 716 2372 Murius]
739 2300 781 2377 Q.
805 2296 938 2359 marius
959 2296 1034 2361 Ric.
1059 2300 1175 2362 Ambr.
1198 2301 1300 2363 Laur.
1324 2298 1426 2364 Goth.

265 2505 273 2523 .
422 2466 475 2524 11.
498 2462 768 2547 inquisitionem]
790 2463 1029 2547 inquisitiones
1050 2468 1150 2530 Laur.

263 2589 273 2607 .
422 2547 473 2609 13.
496 2568 638 2610 causam
664 2569 730 2611 om.
752 2550 868 2611 Ambr.

263 2673 273 2691 .
425 2630 476 2693 tt.
500 2634 613 2713 erant]
635 2644 711 2695 erat
731 2634 848 2697 Ambr.
873 2668 879 2673 ·

232 2458 262 2520 P

423 2715 474 2778 16.
496 2729 576 2793 apte
599 2718 716 2801 quum]
738 2730 966 2802 anteaquam
987 2719 1089 2782 Goth.

154 2854 160 2863 .
232 2799 260 2861 P
424 2801 476 2864 19.
499 2803 535 2864 in
550 2806 613 2867 Cn.
628 2803 797 2885 Pompeii]
816 2804 853 2865 in
867 2803 1122 2868 necessitudini
1130 2804 1198 2867 Gn.
1212 2803 1352 2888 pompei
1366 2804 1471 2868 Laur.

142 2882 266 2946 11001οι
289 2902 318 2946 ur
344 2887 363 2946 d
409 2886 566 2949 ablativus
586 2887 772 2950 restituatur
795 2909 856 2968 pro
880 2888 1075 2951 sccttsstiso.
1574 2962 1582 2971 ,

233 2968 261 3032 Ρ
418 2971 470 3033 19.
493 2974 622 3055 Magni
637 2973 835 3053 reponebat]
847 2973 977 3057 Magni
983 2974 1153 3059 dignitate
1162 2974 1347 3059 reponebat
1355 2974 1470 3038 Ambe.

229 3054 272 3116 P.
420 3055 473 3117 90.
488 3054 626 3133 silium]
641 3056 748 3135 filius
771 3058 843 3125 Ric.
1373 3076 1377 3085 ¹

228 3139 272 3201 P.
340 3140 396 3201 .1.
421 3140 475 3202 93.
499 3140 647 3221 Triarii]
669 3141 795 3204 triario
815 3142 932 3206 Ambe.
955 3143 1185 3206 Laut..Goth.
1312 3170 1317 3176 ·

229 3222 272 3286 P.
298 3224 351 3288 19.
374 3225 397 3286 l.
422 3225 476 3287 90.
498 3227 567 3289 Sed
587 3226 624 3288 iu
645 3248 686 3290 eo
706 3226 848 3309 iudicio]
871 3226 940 3293 Sed
961 3227 997 3290 iu
1019 3227 1268 3315 iudicioLeur.
1291 3263 1331 3275 -
1355 3228 1424 3294 Sed
1436 3239 1470 3291 et

135 3308 176 3372 itt
197 3306 330 3371 iudicio
352 3310 454 3371 Goth.
628 3351 634 3357 ,
816 3312 832 3357 1
1157 3316 1162 3325 “

228 3393 273 3455 Ρ.
298 3394 349 3456 19.
373 3394 396 3456 1.
420 3394 473 3459 99.
484 3391 626 3484 fecisse
650 3393 927 3474 existimaretur]
937 3393 1079 3486 fecisse
1100 3394 1331 3461 estimaretur
1352 3397 1469 3463 Ambr.

137 3474 315 3567 -facile
334 3479 579 3542 aestimaretur
602 3480 704 3543 Goth.
743 3492 746 3497 ’
1063 3494 1069 3505 ’

227 3562 270 3626 Ρ.
295 3562 348 3626 90.
372 3566 394 3626 1.
420 3568 450 3627 1.
473 3564 748 3645 necessitudinis]
770 3564 1018 3627 necessitudine
1042 3565 1146 3631 Goth.

227 3647 269 3711 P.
293 3648 347 3710 90.
371 3648 395 3712 1.
419 3649 453 3723 9.,
474 3650 574 3734 quoe]
598 3670 702 3735 quom
723 3648 797 3711 Ric.
819 3650 937 3712 Ambr.
962 3651 1065 3712 Laur.
1089 3649 1192 3713 Goth.

79 3738 93 3759 ‘
228 3732 270 3794 P.
295 3732 349 3795 90.
372 3734 396 3796 1.
421 3734 453 3796 9.
476 3734 551 3797 eius
572 3746 605 3796 et
628 3732 738 3817 mog]
761 3733 835 3796 eius
857 3754 951 3815 mag.
976 3735 1079 3796 Goth.

229 3815 270 3879 P.
294 3818 349 3880 90.
374 3819 396 3881 1.
421 3819 454 3882 3.
477 3821 561 3883 Post
584 3819 676 3882 diem
697 3828 812 3880 autem
837 3830 998 3902 quartam
1023 3818 1102 3897 cct.]
1146 3818 1274 3881 Invenit
1299 3817 1332 3881 iu
1358 3819 1470 3883 codice
1527 3858 1533 3863 -

145 3900 261 3964 Ambe.
284 3904 363 3983 [non
386 3902 419 3965 iu
443 3924 502 3978 00,
526 3924 619 3988 quiem
637 3924 700 3987 ego
717 3902 849 3966 contuli.
883 3903 998 3981 Bure]
1043 3900 1153 3964 Maius
1172 3902 1356 3982 perticulam
1377 3903 1471 3988 qtsod

144 3995 219 4047 0010
238 4007 376 4060 0000000
397 3988 429 4050 in
444 3988 554 4053 codice
571 3990 680 4070 Lugd.
698 4008 760 4070 pro
782 3986 907 4050 lecticis
924 3998 971 4049 001
985 3987 1142 4049 lecticiis:
1164 4006 1209 4074 err
1225 4007 1291 4070 qua
1312 3985 1405 4069 lego:
1426 4021 1469 4035 -

141 4070 236 4169 quod
256 4093 373 4136 seruus
395 4073 469 4142 eius
490 4076 689 4136 vulneratus
707 4071 870 4156 prosiluit
885 4093 931 4134 esc
946 4071 1146 4144 lecticariis,
1170 4082 1310 4155 questus
1332 4083 1383 4134 est
1401 4093 1469 4153 pro

138 4166 348 4239 interempto
370 4160 444 4222 esse
466 4181 501 4223 se
522 4157 802 4242 competitoribus
816 4156 956 4230 Scauri,
980 4167 1014 4218 et
1036 4155 1072 4234 (1.
1095 4155 1171 4235 eos)
1192 4155 1368 4218 umbrslure
1390 4178 1468 4219 cum

138 4242 303 4305 trecentis
326 4243 491 4318 armatis,
523 4254 582 4305 001.
635 4243 790 4306 Nimirum
819 4240 1023 4323 intelligitur,
1055 4241 1206 4303 Faustum
1238 4240 1355 4318 Syllam
1389 4242 1468 4303 haec

139 4335 290 4408 quiestum
306 4328 423 4390 000010
439 4339 568 4405 senatu,
588 4348 659 4389 cum
677 4330 715 4390 ed
731 4324 839 4389 sitriae
850 4325 1013 4387 introitum
1028 4336 1110 4389 00001
1128 4326 1219 4386 turba
1233 4323 1465 4389 lecticariorum

137 4410 289 4474 dominos
311 4413 516 4485 morsutimm
540 4434 557 4473 0
584 4412 698 4496 quibus
722 4409 932 4473 circumfusus
956 4430 1068 4472 servus
1096 4408 1207 4473 Fausti
1227 4409 1382 4495 eluctatus
1403 4421 1464 4483 est,

137 4506 172 4557 01
198 4496 363 4578 prosiluit
383 4495 593 4561 'vsrlnerstuss
628 4495 671 4560 01.
693 4498 825 4560 Sueten.
851 4494 944 4558 Caes.
969 4515 1039 4576 cap.
1061 4493 1114 4556 89.
1158 4493 1234 4556 Ηο0
1261 4492 1360 4577 igitur
1386 4493 1467 4556 dixit

137 4578 297 4653 Faustus,
330 4582 363 4644 id
383 4603 494 4647 errore
514 4601 739 4664 percussorum
759 4581 876 4643 1001001
902 4598 988 4654 0000,
1023 4599 1056 4640 00
1078 4576 1230 4658 petitum,
1265 4590 1297 4641 ct
1317 4576 1376 4639 ism
1403 4598 1466 4658 pro

137 4663 335 4749 interempto
364 4687 433 4730 esse
461 4665 725 4750 competitoribus
749 4664 880 4739 Scauri,
911 4662 966 4748 qui
991 4664 1032 4725 sd
1055 4662 1116 4725 vim
1140 4672 1282 4745 perstem
1304 4674 1467 4726 trecentos

137 4748 286 4817 homiues
306 4763 447 4831 00100100
468 4753 630 4816 habereut.
664 4750 750 4814 Rsu.

226 4836 267 4899 P.
281 4833 341 4898 ’90.
364 4835 385 4898 1.
410 4838 461 4898 11.
482 4839 543 4920 ed]
565 4858 613 4902 an
634 4838 733 4900 Lacr.
755 4868 797 4884 ·-
817 4844 899 4898 ante
919 4829 991 4896 Ric.
1015 4830 1129 4896 Ambr.
1153 4829 1253 4894 Goth.

212 4933 341 4982 eunus.
360 4936 413 4982 cie.
433 4935 479 4982 ui.
843 4946 851 4971 s
1293 4924 1326 4971 2¹
