3220 5572
90 1242 154 1326 Lex
177 1258 300 1341 proprie
326 1257 403 1321 nihil
424 1258 508 1323 aliud
530 1271 578 1321 est
602 1261 660 1323 nisi
674 1259 845 1350 formula
863 1257 1031 1342 quaedam
1053 1257 1250 1332 uerborum,
1275 1280 1293 1320 ι

31 1351 123 1413 Graeco
142 1354 238 1434 lipsio.
280 1354 364 1414 Nam
385 1352 456 1436 quis
478 1355 585 1415 eredat
601 1374 670 1416 esse
686 1374 702 1414 a
718 1351 879 1435 ligando,
903 1362 973 1426 aut,
997 1363 1031 1414 ut
1047 1350 1166 1415 Cicero
1184 1350 1295 1413 existi·

31 1456 74 1504 nu
92 1447 122 1506 de
137 1446 231 1529 Legg.
253 1446 284 1508 1.
310 1447 343 1508 6.
368 1467 384 1508 a
407 1447 584 1530 legendo?
612 1447 723 1529 anue
749 1443 939 1527 significatio
961 1444 993 1507 in
1017 1443 1120 1506 miultis
1143 1443 1295 1525 loquendi

30 1536 303 1619 lornis'peruansit.
357 1544 434 1603 Lex
462 1538 628 1602 carminis
656 1550 704 1601 est
733 1524 894 1613 formula,
930 1540 1042 1600 modus
1071 1538 1182 1611 edicti,
1217 1537 1294 1600 Lir.

31 1630 50 1691 l.
67 1630 106 1693 ld.
141 1634 212 1695 llam
238 1633 405 1699 carminis
437 1635 588 1707 verliurn,
619 1633 706 1713 qrrod
733 1629 837 1710 ipsum
862 1651 924 1711 pro
951 1630 1090 1714 iortnula
1120 1632 1294 1694 verborum

30 1722 126 1799 dieitur,
148 1748 175 1788 r.
189 1749 216 1788 e.
239 1747 302 1808 pro
321 1728 452 1789 Murco.
476 1750 506 1788 c.
525 1727 595 1798 12„
621 1726 653 1786 h.
676 1724 700 1789 l.
725 1734 773 1785 est
795 1722 896 1804 ipsuin
919 1723 1006 1806 regis
1029 1724 1183 1798 edietum,
1206 1724 1295 1807 legis

31 1818 142 1881 adiectum
162 1822 287 1883 verbum
310 1820 467 1904 signifieat
489 1818 658 1887 formulam
682 1817 872 1896 modumque
895 1818 1087 1892 verborum
1117 1830 1151 1881 ut
1172 1819 1204 1882 in
1226 1840 1296 1883 nur·

31 1909 81 1972 sicis
95 1914 140 1973 lex
156 1914 317 1976 carminis
339 1924 387 1977 est
410 1915 533 1979 tundis.
578 1912 612 1972 Si
633 1912 692 1972 lex
714 1919 798 1973 esset
819 1909 853 1972 h.
881 1910 904 1973 l.
925 1910 1078 1984 edictum,
1094 1913 1196 1995 ¹legis
1219 1935 1296 1976 ccr-

33 2002 235 2068 perdicendum
258 2018 350 2081 erat,
375 2028 439 2070 non
460 2009 520 2068 lese
543 2004 719 2067 carminis.
764 2006 875 2085 Leges
887 2002 1107 2068 Manilianae
1126 2006 1297 2069 venalium

34 2096 223 2162 delendorum
245 2102 284 2162 de
307 2101 402 2167 Oret.
420 2101 449 2162 1.
465 2099 520 2161 58.
544 2098 619 2181 qnid
634 2108 706 2159 sunt
723 2095 783 2158 nisi
796 2097 954 2161 lorinulae
969 2119 986 2160 a
1004 2095 1088 2161 lCto
1104 2110 1291 2180 conceptae,

37 2186 112 2265 onibus
131 2191 168 2255 uti
192 2192 223 2256 in
245 2192 387 2255 emendis
408 2191 642 2275 condendisque
660 2191 756 2252 rebus
782 2189 918 2253 liceret?
938 2194 1028 2254 ·ch
1048 2190 1222 2273 pactionis
1243 2192 1296 2255 vel

32 2277 140 2365 foederis
157 2286 201 2348 rel
223 2285 457 2349 iurisiurandi
478 2304 599 2367 porro,
626 2304 707 2368 quae
729 2283 863 2357 dicitur,
887 2295 935 2346 est
948 2285 1087 2347 sorrnnln
1107 2286 1292 2359 verborum,

39 2371 114 2452 qnilru
126 2392 263 2461 concepta
283 2379 392 2460 pactio
412 2389 459 2440 est
485 2391 538 2440 auu
558 2379 674 2441 foedrrs
692 2388 744 2440 suu
766 2377 995 2440 iusiurandum.
1039 2382 1117 2445 Lex
1137 2377 1295 2440 censorin

36 2461 178 2533 iullerrinis
199 2475 242 2535 L.
266 2473 299 2535 l.
323 2494 351 2539 c.
373 2472 427 2534 51.
452 2470 604 2534 stendit
626 2469 711 2532 aliud
733 2481 795 2545 est,
830 2470 889 2532 nisi
912 2469 1076 2557 formula
1101 2470 1294 2547 locationis,

35 2578 111 2640 exon
122 2584 253 2648 manceps
270 2588 300 2629 s.
325 2567 508 2645 redemptor
530 2565 615 2627 aedis
637 2564 804 2627 exstruere
821 2575 853 2626 et
875 2567 1000 2626 tradere
1019 2566 1126 2626 aedem
1146 2563 1294 2626 debebat.
1410 2590 1413 2593 ·

35 2647 83 2714 Vll
98 2656 184 2737 Leges
207 2657 403 2721 censoriae:
433 2660 513 2718 utrde
538 2669 569 2718 et
592 2659 685 2739 leges
708 2656 930 2740 antiquarum
951 2655 1089 2721 aedium
1115 2656 1201 2735 opud
1228 2654 1296 2718 Pli-

35 2740 183 2813 sirnlldl.
198 2750 372 2816 XXXVI.
392 2750 445 2812 23.
470 2751 613 2834 autiquae
636 2750 840 2814 locandae-nnn
863 2750 985 2815 aedium
1010 2749 1179 2813 formulae.
1221 2750 1298 2830 Ipsa
1409 2791 1417 2799 -

36 2833 188 2906 ditem
211 2843 335 2910 Verris
358 2842 380 2905 l.
404 2863 433 2905 c.
455 2864 526 2922 cap.
551 2844 602 2906 55.
625 2842 694 2906 init.
723 2854 792 2906 erat
819 2843 974 2918 lerninis,
1006 2864 1087 2925 quoe
1115 2840 1298 2907 continebat

36 2930 117 2993 uelem
136 2937 416 3020 condicionesque,
440 2935 554 3019 quibus
576 2936 678 2999 locari
700 2937 861 3000 columnae
875 2937 1032 3011 nolebat,
1057 2938 1139 3002 unde
1160 2938 1220 3000 iere
1235 2959 1297 3019 pro

33 3022 321 3092 contenduntur.
366 3030 532 3103 Hoerner
563 3051 626 3093 nou
652 3030 726 3092 satis
751 3030 944 3115 intelligeret
970 3031 1191 3114 Hotomanus,
1221 3052 1297 3113 per·

29 3131 101 3188 dun
116 3122 228 3204 scripsit
243 3126 286 3186 ad
302 3122 397 3186 Orat.
421 3124 459 3185 dc
474 3124 578 3190 Pron.
604 3122 705 3189 Coos.
726 3145 755 3186 c.
780 3126 839 3188 st:
865 3128 941 3186 Lex
959 3124 1054 3205 epusd
1070 3126 1170 3189 ICtos
1192 3144 1295 3207 saepe

27 3216 220 3290 proiectione
248 3227 453 3299 usurpatur.
496 3220 573 3281 Lex
598 3218 760 3300 mancipii
786 3218 911 3282 de'Or.
940 3218 968 3279 l.
998 3218 1050 3280 39.
1082 3228 1130 3279 est
1154 3215 1296 3287 formula

31 3302 177 3377 venditionis.
219 3309 304 3375 Curn
334 3330 414 3392 ergo
443 3311 502 3372 lex
515 3308 648 3401 sertin·
676 3333 694 3373 a
722 3312 908 3394 magistratu
944 3313 981 3372 ad
1015 3311 1184 3392 populum,
1214 3330 1297 3394 quiae

31 3399 170 3478 ‘teugario
189 3402 321 3477 dicitur,
347 3424 410 3464 nou
434 3402 487 3478 fit,
512 3407 597 3486 qnod
624 3414 754 3486 putant,
779 3403 833 3485 qtti
858 3402 1123 3483 interpretantur,
1147 3423 1184 3465 es
1207 3403 1296 3464 roird
1335 3442 1339 3447 ,

33 3480 66 3577 tlt
79 3490 176 3558 Geretz
195 3496 366 3581 gegeben:
398 3498 451 3557 sed
476 3496 613 3559 lorruula
638 3496 830 3578 proponitur
852 3496 996 3577 populo,
1026 3517 1088 3578 qun
1112 3517 1163 3558 res
1191 3495 1296 3580 aliqua

35 3576 213 3664 ultripossir:
237 3612 331 3672 quani
355 3613 424 3652 curn
445 3593 604 3669 approbet
621 3592 777 3673 populus,
800 3592 858 3652 lex
875 3590 1028 3663 iubetur,
1054 3600 1124 3652 cunt
1140 3587 1294 3664 tolleitur,

39 3670 259 3756 utiouuortex.
304 3683 494 3746 Huiusmodi
510 3682 678 3746 sortnulanr
695 3683 796 3747 nostri
813 3705 928 3745 vocare
944 3692 1077 3762 possunt
1093 3681 1190 3747 einen
1206 3684 1294 3745 Vor·
1352 3756 1364 3769 .

42 3761 113 3849 “lito
138 3777 318 3855 zueiueru
348 3780 476 3869 Genese
500 3777 584 3855 oder
615 3778 710 3840 einer
740 3777 984 3858 Verordnung.
1041 3777 1120 3838 Nam
1156 3774 1295 3856 populus
1336 3816 1342 3825 ι

44 3868 138 3940 ¹⁰3³th
167 3872 285 3933 velitne
313 3870 469 3933 debentne
495 3881 558 3932 eet.
589 3882 657 3944 stit,
690 3881 729 3932 ut
756 3869 835 3932 velit
864 3869 990 3935 irrbeat.
1034 3872 1143 3952 Leges
1175 3886 1297 3940 oscines,

42 3959 128 4020 ornan
144 3962 188 4026 ius
209 3965 303 4026 civile
325 3974 377 4026 anit
399 3962 560 4044 publicum
585 3962 758 4043 pertinent,
782 3962 843 4026 dici
866 3975 999 4044 possunt
1024 3963 1236 4042 Vorselrlc'e'ge
1250 3981 1298 4023 zu

38 4037 163 4117 Gueton:
184 4058 211 4120 in
229 4058 345 4142 quibus
367 4068 470 4119 autern
487 4059 525 4120 de
543 4055 676 4140 siugulis
699 4059 794 4119 rebus
811 4069 864 4119 :uu
879 4055 1058 4119 horninibus
1080 4048 1293 4128 constituitur,

35 4138 138 4218 ’Μυκη
162 4152 218 4214 lex
247 4152 290 4215 de
315 4150 479 4215 Cicerone
503 4151 692 4213 revocando
716 4153 754 4212 nd
782 4151 853 4219 Art.
876 4152 937 4212 lV.
966 4153 1014 4224 t.',
1047 4152 1106 4213 lex
1129 4145 1293 4221 Manilia,

30 4241 152 4303 ‘ttttsnadt
163 4246 281 4327 populo
305 4243 474 4318 ltlnnilins,
500 4255 533 4306 ut
547 4243 734 4325 Pompeium
753 4244 839 4307 bello
853 4244 1073 4311 Mithridatico
1091 4240 1292 4324 praeficeret,

28 4335 65 4379 *Μ
84 4334 205 4407 potero
233 4360 299 4402 non
328 4348 399 4399 siunt
430 4340 641 4420 Vorsclrlcilge
662 4361 710 4402 zu
731 4340 916 4414 Gesetzen,
950 4340 1008 4423 sed
1029 4360 1076 4402 zu
1099 4337 1194 4399 einer
1223 4336 1296 4399 An·

30 4416 162 4511 ordnung,
188 4456 233 4504 zu
253 4426 362 4497 eiucnr
383 4431 539 4523 Befclrle
585 4431 838 4508 Nani‘cdictum,
873 4454 938 4515 qino
960 4453 1055 4515 reges
1076 4427 1179 4492 nostri
1204 4450 1238 4489 v.
1263 4447 1294 4488 o.

31 4524 199 4607 'dictatorern
220 4527 296 4590 belli
317 4528 534 4599 constituunt,
558 4548 622 4590 non
636 4525 817 4609 appellatur
833 4524 887 4588 ein
903 4530 1040 4590 Geretz.
1086 4521 1202 4587 Oratio
1215 4542 1298 4604 ergo

31 4594 152 4677 c'tenonis
170 4642 231 4700 pro
250 4625 325 4705 lege
347 4621 498 4686 Manilia
521 4640 584 4684 non
598 4630 654 4685 est
677 4620 820 4684 defensio
847 4631 900 4681 aut
930 4621 1036 4684 senasio
1054 4618 1113 4680 des
1135 4618 1297 4680 Geretzee

32 4689 71 4756 ὅθ*
86 4706 219 4789 Manilii,
242 4715 288 4780 nti
309 4716 411 4800 volgo
437 4715 703 4797 interpretantur,
727 4716 783 4777 sed
804 4711 947 4779 defensio
972 4715 1031 4776 des
1053 4710 1297 4789 Vorsclrlager,

33 4781 76 4855 len
102 4803 248 4879 Metilius
281 4812 409 4897 gethan
441 4810 519 4884 isat,
566 4813 605 4873 de
643 4794 801 4893 Ponipeio
837 4806 1029 4888 imperatore
1065 4801 1308 4869 constituendo.
