3220 5572
288 338 350 406 sas
384 374 388 389 ι
774 341 926 408 ranan
945 336 1130 407 oneum.
1251 326 1255 332 ’

205 540 208 549 ,
286 481 438 559 istorum,
462 482 515 568 qni
536 481 693 566 auspicia,
715 480 771 569 qui
785 481 922 548 Aeliam
934 480 1057 569 legem,
1081 476 1135 563 qui
1157 474 1280 542 Iuniam
1303 484 1335 539 et
1355 474 1516 550 Liciniam,
1536 475 1577 561 qai

286 575 457 642 Caeciliam
479 588 512 641 et
533 576 660 641 Didiam
683 572 930 661 neglexerunt.”
973 576 1012 638 sd
1034 574 1104 637 Au.
1126 571 1175 636 ΙΙ.
1200 572 1239 647 9,
1264 571 1297 634 l.
1320 596 1361 615 -··
1381 571 1490 653 „Lege
1507 568 1576 632 lania

287 681 321 747 et
343 670 464 734 Licinia
487 670 542 753 (C.
564 670 736 748 Catonem)
757 669 818 733 scis
841 668 1043 733 absolutum:
1079 664 1186 745 Fufia
1218 685 1282 749 ego
1305 662 1364 728 tibi
1385 660 1490 727 nuntio
1508 663 1579 727 abso·

285 765 387 829 lutum
410 763 486 831 iri.”
530 765 569 826 ad
591 765 663 828 Art.
686 764 752 827 tv.
775 762 834 838 16,
861 765 893 827 5.

371 859 415 922 Α.
438 880 472 922 ιι.
496 879 526 921 c.
549 858 624 923 597.
647 856 766 920 tribuni
787 857 890 939 plebis
909 856 1037 920 fuerant
1055 853 1108 933 ιΟ.
1134 851 1395 917 ΑεΙίιωῬαεῖιιο
1418 860 1448 912 et
1469 848 1514 913 Μ.
1531 847 1579 913 Fu·

290 952 362 1016 lius.
405 953 472 1015 Iam
498 950 633 1033 Pighius
661 951 701 1013 ad
727 952 813 1013 bunc
833 971 965 1014 annuma
1004 946 1172 1023 „Aeliam
1202 944 1323 1030 inquit,
1355 955 1386 1007 et
1409 942 1521 1006 Fufiam
1546 944 1580 1019 (ut

149 1072 157 1090 =
291 1056 414 1109 vetusta
437 1057 585 1109 correcte
608 1063 722 1109 nomen
745 1045 808 1107 boc
832 1045 975 1126 produnt
997 1040 1204 1122 exemplaria)
1226 1040 1313 1123 leges
1338 1041 1378 1100 de
1397 1037 1465 1100 iure
1484 1046 1580 1099 etten·

288 1141 370 1220 pore
393 1137 594 1202 comitiorum
617 1136 777 1214 celebres,
801 1157 934 1221 qrrarum
952 1136 1005 1199 M.
1026 1134 1150 1201 Tullius
1172 1154 1268 1215 saepe
1285 1131 1473 1196 mentionem
1491 1128 1579 1212 inqui·

289 1232 422 1293 busdam
448 1231 513 1294 suis
543 1229 744 1293 orationibus
768 1229 862 1303 facit,
897 1230 960 1292 lroc
985 1228 1075 1313 quasi
1097 1247 1180 1292 anno
1209 1227 1290 1289 latas
1312 1246 1400 1300 esse,
1436 1245 1475 1286 ex
1497 1222 1599 1285 roden?

290 1324 445 1408 colligere
469 1335 530 1388 est.
575 1324 694 1387 Tulere
723 1325 787 1389 duo
810 1321 1053 1404 tribuniplebis
1078 1321 1189 1386 Aelius
1216 1330 1248 1383 et
1277 1318 1409 1394 Folius,
1439 1318 1477 1378 de
1495 1314 1599 1403 quibus,

291 1418 335 1481 nil
366 1417 450 1480 alind
478 1417 659 1503 singillatim
690 1416 840 1481 memoria
868 1414 1029 1497 proditum
1055 1413 1246 1495 reperimus.
1290 1414 1328 1475 ln
1358 1410 1521 1476 Vatiniana
1542 1427 1599 1489 surg

293 1509 413 1576 Cicero
436 1511 644 1573 sanctissimas
665 1510 741 1573 istas
763 1510 852 1594 leges
869 1510 992 1572 Aeliam
1015 1521 1047 1571 et
1062 1508 1185 1571 Fufiam
1206 1505 1319 1569 asserit
1339 1505 1370 1569 in
1393 1495 1599 1569 Gracchorrral

291 1604 461 1668 ferocitate
487 1616 520 1667 et
541 1603 573 1667 in
600 1604 729 1666 audacia
753 1604 913 1668 Saturnini
936 1612 968 1666 et
988 1601 1019 1665 iu
1046 1600 1229 1665 colluvione
1251 1598 1351 1665 Drusi
1373 1611 1406 1662 et
1430 1597 1460 1661 in
1483 1607 1580 1659 conten·

293 1698 382 1762 tione
404 1696 538 1778 Sulpicii
564 1710 595 1760 et
623 1696 653 1760 in
678 1696 825 1762 Cinnano
843 1718 961 1761 cruore
981 1694 1128 1789 (femore
1148 1694 1200 1756 alii
1220 1694 1360 1758 fortasse
1378 1690 1499 1769 melius)
1516 1688 1580 1751 etim

294 1790 376 1853 iuter
401 1791 531 1857 Sullana
553 1811 639 1854 arma
668 1791 800 1855 vixisse.
844 1789 983 1856 Constat
1017 1788 1116 1872 igitur
1150 1799 1222 1851 ante
1257 1786 1446 1850 Gracchana
1473 1796 1582 1864 tempora

293 1886 373 1947 latas
398 1883 510 1947 fnisse.
563 1886 602 1947 In
630 1884 801 1949 Pisoniana
829 1885 954 1969 quidem
980 1884 1176 1947 demonstrat
1196 1880 1273 1966 quid
1303 1879 1454 1962 amplius,
1484 1888 1513 1940 et
1533 1887 1581 1936 arte

295 1977 411 2045 bellum
433 1978 587 2041 Punicum
605 1978 732 2041 tertium
752 1978 830 2040 latas
846 1977 984 2040 insinuat
999 1975 1048 2039 his
1069 1976 1179 2058 paucis
1201 1975 1326 2038 verbis:
1348 1977 1491 2041 Centum
1502 1987 1580 2054 prope

294 2089 406 2132 annos
425 2072 521 2154 leges
541 2072 677 2136 Aeliam
699 2082 732 2135 et
753 2071 892 2150 hesram
912 2083 1146 2136 tenueramus.
1191 2067 1226 2132 Si
1241 2084 1344 2150 prope
1361 2080 1483 2130 centum
1499 2082 1578 2134 annos,

295 2173 330 2226 ut
351 2162 410 2239 ait,
430 2161 462 2225 in
485 2185 543 2226 usu
565 2175 799 2240 romanserunt,
824 2166 887 2228 hoc
908 2163 978 2227 sere
1001 2164 1079 2227 latas
1092 2183 1175 2226 anno
1194 2161 1375 2244 poterimus
1400 2157 1529 2243 opinari,
1546 2151 1599 2240 qni}

296 2277 314 2318 a
343 2256 386 2320 Ρ.
419 2254 526 2321 Clodii
554 2257 714 2321 tribunatu
744 2257 863 2340 plebis,
900 2256 930 2320 irr
954 2277 1020 2342 quo
1043 2269 1116 2319 suut
1139 2257 1330 2340 abrogatae,
1367 2254 1522 2336 reperitur
1538 2258 1599 2313 aare*

297 2347 520 2432 nonagesimus
543 2364 686 2417 octavus.
728 2351 818 2416 Duas
848 2364 949 2414 autem
972 2351 1070 2415 fuisse
1095 2351 1201 2434 leges,
1236 2359 1322 2410 recte
1349 2348 1399 2409 vir
1420 2342 1581 2410 doctissima

297 2443 337 2506 P.
369 2442 534 2506 Manutius
559 2443 728 2507 existimat.
773 2446 853 2508 Nam
882 2444 955 2508 licet
983 2446 1136 2530 quaedam
1166 2440 1332 2507 Ciceronis
1362 2440 1435 2505 loca
1456 2434 1582 2502 rideanllt

295 2537 335 2598 de
362 2556 422 2598 una
445 2556 461 2598 a
486 2537 610 2601 duobus
636 2538 698 2601 lata
720 2539 793 2622 lege
817 2539 925 2623 loqui,
960 2538 990 2601 in
1018 2536 1177 2622 aliquibus
1201 2546 1303 2598 tamen
1326 2534 1405 2597 illud
1433 2534 1498 2597 vitii
1518 2531 1583 2593 libra·

294 2629 417 2692 riorum
435 2630 546 2712 culpae
564 2631 671 2714 potius
693 2631 975 2716 quiriacicernnis
991 2629 1203 2715 negligentiae
1226 2626 1324 2691 tribui
1345 2629 1464 2691 debere
1481 2625 1581 2689 ridetatr

295 2720 322 2785 si
345 2722 413 2804 ipsa
435 2723 619 2808 diligentius
641 2728 740 2787 verba
762 2726 1015 2800 consideramus,
1039 2733 1075 2787 nt
1094 2723 1147 2785 illa
1169 2722 1228 2785 iam
1250 2723 1397 2784 adducta.
1443 2720 1581 2801 Quaettt

295 2815 329 2876 in
350 2817 585 2897 exemplaribus
605 2819 735 2901 antiquo
758 2840 848 2882 mor-e
870 2816 996 2899 scriptis
1018 2815 1051 2879 ni
1068 2815 1165 2880 [allor-
1186 2814 1232 2878 sic
1250 2832 1402 2895 expressa
1420 2807 1582 2897 reperimur

298 2905 499 2973 CENTUM
522 2911 678 2976 PROPE
700 2911 855 2975 ANNOS
879 2912 1018 2974 LEGG.
1042 2906 1232 2977 AELIAM
1253 2909 1316 2971 ΕΤ
1338 2904 1516 2971 FUFIAM
1532 2896 1582 2962 tt·

201 3063 205 3071 .
297 3000 579 3080 NUERAMUS,
617 3004 678 3085 ipsi
699 3015 818 3069 temere
844 3025 955 3068 vocem
978 3004 1123 3068 LEGG.
1145 3001 1290 3067 breviter
1313 3012 1454 3063 notatam
1480 2991 1583 3076 explitt·

288 3107 413 3158 'verunt
434 3095 466 3158 in
483 3097 671 3173 LEGEM,
696 3119 761 3163 non
776 3099 821 3161 uti
836 3100 995 3161 debebant
1014 3096 1047 3183 in
1069 3096 1235 3159 LEGES.
1278 3094 1374 3175 Quod
1397 3093 1497 3177 ipsum
1515 3082 1583 3149 nallt

297 3188 413 3253 clarius
427 3191 581 3274 cognosci
596 3202 703 3274 potest
723 3213 764 3255 ex
779 3192 847 3256 aliis
864 3189 1031 3256 Ciceronis
1047 3188 1153 3252 verbis
1175 3188 1312 3252 eiusdem
1331 3187 1504 3250 invectivae
1516 3172 1583 3262 ptull

297 3281 461 3362 carpasius,
497 3282 550 3346 ubi
579 3304 650 3348 cum
687 3284 733 3348 sic
767 3285 895 3370 antiqua
924 3281 1083 3347 scribendi
1113 3281 1251 3345 formula
1281 3281 1473 3344 baberetur:
1507 3266 1583 3339 ΑΡ·

205 3397 207 3401 ·
300 3371 480 3439 CLODIO
503 3377 682 3442 FATALI
703 3377 962 3444 PORTENTO
985 3374 1314 3454 PRODIGIOQUE
1336 3373 1460 3437 REIP.
1483 3359 1584 3431 LEGG·

300 3468 447 3532 AELIA
471 3471 533 3533 ΕΤ
555 3468 696 3536 FUFIA
719 3473 957 3547 EVERSAE,
984 3465 1374 3543 PROPUGNACULA
1405 3448 1583 3537 moatott

300 3561 737 3643 TRANQUILLITATIS
769 3564 929 3644 ATQUE
964 3563 1084 3641 0T11,
1125 3560 1342 3643 exscriptores
1371 3559 1448 3621 item
1478 3543 1584 3618 LEGG·

298 3676 466 3737 perperam
482 3655 514 3719 irr
528 3659 642 3735 LEX,
666 3670 697 3721 et
719 3659 955 3735 EVERSAE,
979 3656 1011 3720 irl
1026 3650 1212 3721 EVERSA
1229 3663 1408 3728 mutavere,
1434 3670 1499 3714 cunr
1513 3642 1599 3725 unttl

300 3753 398 3812 verba
420 3749 586 3834 sequentia
606 3751 811 3814 multitudinis
832 3740 966 3815 nurnero
986 3750 1111 3833 prolata
1136 3747 1425 3830 (propugnacula
1452 3728 1599 3818 muripwll

299 3855 410 3926 aperte
438 3844 583 3928 flagitent
609 3844 826 3928 apponendam
850 3845 909 3909 sibi
937 3864 1051 3908 vocem
1076 3842 1216 3906 eiusdem
1243 3838 1367 3903 uermes-i
1389 3847 1422 3900 et
1450 3828 1584 3929 ostentu!

299 3939 393 4020 leges
414 3959 479 4002 non
501 3941 562 4003 lex
581 3938 680 4003 scribi
702 3941 829 4007 debere.
888 3939 1013 4003 Similes
1041 3956 1171 4001 errores
1196 3945 1270 3997 sunt
1293 3933 1369 3997 itenr
1394 3931 1426 3995 in
1451 3922 1599 4009 Velinum

299 4040 332 4091 et
354 4029 385 4092 in
407 4031 476 4094 aliis
498 4031 589 4097 locis.
632 4033 686 4096 Sic
702 4034 734 4096 in
753 4034 899 4097 Asconio
919 4032 1081 4108 Pediano,
1106 4027 1275 4095 Ciceronis
1297 4031 1535 4090 commentatore
1553 4016 1599 4067 tt*

299 4133 405 4199 tusto,
429 4146 511 4208 quae
531 4126 585 4189 bic
605 4125 772 4191 brevitatis
795 4148 888 4190 carisa
905 4137 1088 4209 praetereo.
1133 4124 1242 4203 Quare
1257 4114 1333 4184 milri
1346 4134 1475 4205 quoque
1487 4118 1586 4195 persua·

300 4234 370 4277 arran
393 4228 441 4279 est
462 4220 540 4282 duas
560 4218 660 4283 irrisae
681 4221 771 4305 leges
793 4240 810 4283 a
833 4222 957 4284 duobus
979 4216 1113 4303 collegis
1135 4213 1268 4279 tribunis
1290 4212 1392 4296 plebis
1415 4209 1586 4275 eodematttl

300 4306 400 4375 laras:
436 4331 505 4373 erun
529 4310 648 4377 Cicero
670 4313 762 4377 simrrl
787 4334 840 4378 eas
864 4314 934 4377 lere
962 4313 1056 4388 citet,
1089 4309 1144 4373 vix
1171 4327 1320 4391 umquam
1346 4313 1483 4388 separet.
1529 4290 1585 4356 Nm

174 4402 184 4411 ‘
302 4403 396 4466 ambo
419 4404 621 4469 comitiorum
643 4406 715 4470 inra
739 4410 910 4491 depravata
938 4428 980 4470 ex
1003 4407 1127 4470 Numae
1148 4401 1236 4486 regis
1259 4399 1473 4481 maiorumque
1492 4382 1599 4470 leglbl'}

302 4495 498 4560 reformasse
520 4498 690 4576 videntur,
721 4521 793 4563 cum
814 4502 874 4565 ism
897 4498 1051 4567 inclinatis
1074 4499 1114 4561 ad
1135 4496 1212 4560 vitia
1243 4492 1358 4557 civium
1386 4485 1491 4555 animia
1508 4470 1586 4563 prim

303 4609 374 4651 curn
396 4591 517 4671 populo
541 4592 656 4677 agendi
679 4594 795 4677 religio
824 4614 883 4679 per
902 4586 1107 4659 ambitionem
1131 4602 1163 4655 et
1186 4590 1347 4654 avaritiam
1370 4584 1482 4648 civium
1501 4563 1585 4663 pissia

304 4683 488 4746 conculcari
507 4685 677 4767 coepisset.
721 4688 896 4773 Utriusque
915 4687 995 4770 legis
1009 4686 1196 4751 sententiam
1211 4683 1379 4768 diligenter
1397 4698 1437 4741 rx
1452 4669 1599 4759 cierunt

164 4810 169 4833 t
305 4775 413 4840 verbis
445 4779 611 4869 Manutius
641 4783 795 4862 excussit,
829 4804 869 4846 ex
898 4782 1012 4869 quibus
1031 4779 1130 4845 simul
1159 4778 1284 4845 collatis
1313 4775 1415 4860 palam
1446 4759 1528 4830 nobis
1549 4748 1582 4815 tu
