3214 5586
183 339 247 407 281
438 284 441 291 v
670 336 824 405 INDEX
845 337 1027 405 LEGUM.

181 481 304 556 ferret,
329 479 421 545 corvi
445 482 509 547 duo
530 500 663 545 numero
685 478 723 564 in
741 480 806 544 alto
830 479 975 544 volantes
996 479 1040 545 ita
1061 494 1247 569 pugnarunt
1265 506 1363 568 supra
1385 490 1510 572 contio·

184 594 276 650 nent,
315 586 350 638 ut
377 575 494 638 rostris
523 575 746 662 unguibusque
772 574 1003 639 lacerarentur.
1047 578 1224 658 Aruspiccs
1249 599 1339 643 sacra
1369 585 1512 665 Apollini

182 670 299 733 litanda
337 682 368 733 et
402 672 440 734 de
473 671 563 755 lege,
595 690 689 753 quae,
710 667 895 745 ferebatur,
930 674 1201 755 supersedendum
1233 677 1511 756 pronuntiarunt.”

183 763 283 830 lulius
306 765 502 850 Obsequens
525 785 554 828 c.
578 764 631 828 15.
764 784 769 797 ’
1086 816 1090 823 ,

271 864 382 941 „Sena
412 879 542 943 quoque
571 856 705 923 Titium
733 856 844 923 similis
876 879 968 923 casus
997 861 1187 942 prostravit.
1232 861 1313 935 Erat
1338 862 1511 947 innocens,
1554 921 1559 927 .

183 952 332 1039 aguirrio
360 956 433 1039 lege
464 953 526 1017 lats
556 953 718 1037 gratiosus
747 953 833 1033 apud
861 955 1030 1038 populum.
1075 956 1216 1034 Tamen,
1250 959 1323 1044 quia
1354 961 1514 1027 Saturnini

171 1048 354 1134 imaginem
377 1047 463 1110 domi
478 1049 647 1122 babuerat,
670 1044 836 1130 suffragiis
851 1067 920 1110 enm
936 1058 1005 1112 tots
1022 1049 1166 1135 cognitio
1182 1052 1387 1135 oppressit.'''
1403 1054 1512 1121 Valer.

185 1143 282 1208 Max.
306 1142 407 1206 Vlll.
431 1143 463 1204 1.
507 1141 625 1206 Damn.
648 1140 680 1205 3.

272 1236 384 1317 „Quid
406 1234 587 1320 religiosius
612 1255 707 1319 quiam
732 1255 802 1297 cum
825 1237 967 1318 populo,
1003 1258 1074 1300 cum
1095 1238 1210 1320 plebe,
1243 1240 1361 1325 agendi
1389 1241 1438 1306 ius
1464 1252 1515 1307 aut

59 1339 64 1351 '
186 1334 261 1395 (lare
284 1342 423 1394 autnon
446 1329 546 1394 dare?
575 1327 672 1415 quid?
705 1327 827 1413 legem,
852 1329 879 1391 si
901 1350 965 1395 non
988 1330 1058 1395 iure
1085 1342 1200 1418 rogata
1223 1345 1289 1410 est,
1313 1335 1453 1400 tollere?
1483 1348 1514 1401 nt

187 1425 321 1492 Titium
343 1428 472 1489 decreto
487 1423 636 1509 collegii,
660 1435 695 1487 ut
710 1422 822 1488 Livias
837 1424 971 1491 consilio
987 1424 1130 1510 Philippi
1150 1426 1292 1493 consulis
1308 1442 1341 1495 et
1355 1428 1513 1516 auguris.‘'

188 1522 227 1586 de
249 1521 360 1606 Legg.
384 1520 432 1585 11.
455 1521 513 1597 12,
538 1520 592 1584 31.

702 1658 720 1693 n
993 1661 1012 1698 tl

824 1707 913 1745 ¹¹2,

147 1814 160 1841 ⁴
274 1800 422 1876 „Habuit
447 1800 500 1864 hic
528 1801 585 1880 (L.
607 1800 761 1879 Murena)
783 1801 857 1885 lege
879 1802 977 1867 Titia
998 1802 1197 1883 provinciam
1224 1802 1353 1868 tacitam
1377 1816 1410 1868 et
1433 1805 1515 1890 quie·

189 1895 287 1961 tam.”
324 1917 385 1979 pro
410 1894 553 1959 Murena
576 1894 612 1974 8,
638 1895 691 1957 18.
736 1892 838 1959 Conl.
863 1896 975 1960 Schol.
998 1897 1084 1962 Bob.
1107 1897 1140 1960 in
1164 1898 1276 1962 Vatin.
1300 1921 1337 1981 p.
1362 1899 1437 1963 316.

219 2046 223 2056 .
273 1989 332 2064 De
347 2000 514 2073 postremo
536 1988 601 2053 hoc
620 1988 696 2054 loco
718 2009 788 2051 cum
812 1990 940 2052 <lisbium
963 1991 1021 2067 sit,
1046 2002 1150 2055 utrum
1173 1994 1212 2055 ad
1235 1992 1369 2056 eandem
1392 1993 1514 2057 Titiam

190 2084 374 2169 agrariam
402 2104 440 2145 an
468 2084 508 2146 ad
535 2084 629 2165 plane
650 2082 807 2145 diversam
834 2083 939 2169 legem
969 2085 1147 2165 pertineat,
1183 2085 1319 2149 liberum
1348 2087 1515 2150 lectoribus

190 2177 356 2243 arbitrium
373 2177 555 2262 relinquere
578 2176 677 2241 satius
698 2175 791 2253 duxi,
819 2175 975 2259 appositis
995 2177 1141 2242 virorum
1162 2182 1334 2244 doctorum
1354 2183 1393 2245 de
1418 2181 1514 2245 verbis

191 2270 364 2340 Ciceronis
382 2271 566 2335 sententiis:

276 2367 368 2432 Haec
388 2367 442 2429 lex
466 2363 627 2450 quaesit,
651 2365 760 2449 legere
782 2384 847 2428 non
870 2363 1008 2428 memini.
1054 2365 1149 2430 Licet
1170 2378 1275 2430 tamen
1296 2369 1460 2434 coniicere
1480 2389 1515 2432 ex

191 2450 317 2528 senatus
344 2460 508 2537 consulto,
540 2480 606 2544 quo
632 2458 871 2542 provinciarum
894 2459 977 2524 iacta
998 2461 1215 2538 sortiumur,
1247 2464 1287 2524 ab
1315 2463 1425 2548 aliquo
1446 2482 1515 2527 con·

191 2556 261 2620 sule
285 2554 374 2619 Titio
396 2558 490 2618 latam
514 2575 585 2618 esse
609 2556 727 2639 legem.
772 2555 854 2617 Nam
880 2575 921 2617 ex
950 2556 985 2617 S.
1011 2553 1053 2619 C.
1082 2554 1170 2641 leges
1192 2577 1421 2642 nonnunquam
1442 2556 1516 2620 iere·

191 2653 270 2715 bant
291 2649 454 2713 consules.
489 2649 646 2713 Sinnius.
691 2650 818 2713 Abesse
843 2651 990 2713 mendum
1011 2670 1169 2734 nunquam
1199 2650 1340 2715 credidi:
1375 2650 1513 2734 primum,

39 2754 44 2767 ⁴
97 2827 101 2834 .
193 2744 267 2831 quia
289 2744 429 2813 Murena
450 2741 650 2825 provinciam
672 2742 782 2805 babuit
803 2753 908 2820 sorte,
930 2764 994 2807 non
1017 2742 1107 2828 lege3
1130 2743 1260 2819 deiude,
1285 2745 1365 2829 quia
1382 2747 1427 2810 sic
1446 2765 1515 2829 prn-

193 2837 330 2909 vinciam
353 2837 512 2900 Murenae
537 2837 695 2901 nominari
718 2834 880 2920 oportuit,
916 2847 951 2898 ut
978 2837 1113 2919 Sulpicii
1140 2839 1327 2901 nominatur
1351 2835 1513 2905 Ostiensis.

192 2933 413 3015 reponendum
440 2928 581 3019 fortasse
609 2932 737 3006 lautia,
771 2950 853 3015 quae
885 2952 1015 2995 munera
1042 2931 1173 2995 fuerunt
1203 2932 1321 3017 legatis
1348 2946 1514 2997 exterarum

193 3026 357 3089 nationum
380 3024 448 3086 dari
469 3023 583 3100 solita,
608 3037 639 3088 et
662 3028 699 3088 ad
721 3037 910 3109 quaestores
934 3045 970 3087 ea
992 3046 1068 3089 curn
1092 3026 1267 3109 pertinuit:
1291 3026 1369 3091 buin
1391 3048 1451 3112 ego
1473 3036 1514 3086 ta·

194 3140 266 3184 men
297 3117 518 3195 coniecturae,
559 3118 620 3182 uisi
652 3119 902 3204 suffragantibus
940 3120 1077 3206 antiquis
1108 3120 1216 3197 libris,
1257 3141 1326 3185 non
1358 3119 1515 3184 assentior.

194 3214 391 3279 Msuumus.
435 3214 512 3277 Non
534 3216 633 3278 credo
662 3235 679 3277 a
709 3214 841 3278 consule
863 3215 971 3300 aliquo
993 3216 1088 3278 latam
1111 3236 1180 3278 esse
1206 3214 1292 3278 illam
1319 3217 1438 3301 legem,
1467 3211 1516 3274 sed

194 3309 307 3394 potins
339 3328 356 3370 a
387 3309 524 3391 quodam
549 3308 680 3372 tribuno
707 3307 828 3391 plebis,
865 3321 899 3371 ut
918 3308 1064 3379 ¹Gabinia
1097 3310 1170 3394 lege
1204 3310 1326 3374 bellum
1362 3307 1515 3392 piraticum

195 3399 375 3484 Pompeio,
398 3399 530 3465 Vatinia
553 3400 638 3466 lulio
655 3400 788 3467 Caesari
805 3401 928 3479 Gallia,
954 3401 1071 3467 Clodia
1093 3402 1230 3467 Rabirio
1246 3403 1341 3484 Syria
1363 3404 1421 3467 suit
1441 3404 1515 3463 data.

198 3497 397 3585 Quaestores
423 3517 525 3579 aeque
550 3507 584 3558 ut
608 3495 820 3578 proconsules
849 3508 902 3559 aiut
925 3510 1177 3580 propraetores,
1214 3519 1286 3560 cum
1316 3496 1394 3563 facti
1422 3501 1517 3559 essent

197 3590 333 3669 comitiis
361 3589 507 3665 tributis,
539 3611 581 3652 ex
603 3590 638 3654 S.
663 3589 705 3655 C.
727 3591 948 3655 sortiebantur
968 3590 1171 3674 provincias,
1202 3603 1274 3667 aut,
1305 3593 1335 3656 si
1362 3612 1433 3655 sors
1459 3606 1515 3650 nou

119 3719 120 3722 ¹
197 3688 444 3760 observaretur,
480 3694 570 3748 extra
599 3683 742 3748 ordinem
772 3685 845 3769 lege
873 3685 995 3771 aliqua,
1030 3686 1064 3748 id
1091 3696 1155 3760 cst,
1189 3684 1363 3768 plebiscito
1392 3704 1442 3747 eas
1462 3677 1515 3743 sibi

197 3780 371 3864 parabant,
404 3789 439 3841 ut
466 3779 574 3844 docuit
600 3778 752 3864 Sigonius
781 3778 849 3843 Ill.
879 3779 1038 3844 Provinc.
1062 3801 1136 3861 cap.
1162 3782 1193 3843 1.
1222 3792 1255 3843 et
1280 3778 1314 3842 iel
1340 3779 1516 3860 probatas

198 3875 249 3940 11.
272 3872 418 3956 Philipp.
463 3876 653 3956 Quaestor,
685 3871 805 3957 inquit,
837 3872 1034 3965 erfectus,
1067 3873 1190 3937 deiude
1212 3873 1376 3938 continuo
1396 3871 1464 3936 sina
1482 3867 1515 3929 S.

198 3971 254 4043 0.,
292 3968 366 4032 tine
387 3979 500 4043 sorte,
538 3969 614 4031 niue
635 3971 710 4052 lege
731 3968 778 4030 cul
798 3970 984 4034 Caesarem
1004 3969 1209 4034 cucurristi.
1243 3980 1276 4033 et
1304 3989 1346 4032 ex
1373 3965 1460 4047 epist.
1483 3959 1516 4022 ad

199 4061 343 4128 Atticum
364 4062 402 4134 6,
426 4061 464 4123 6:
502 4063 686 4146 Pompeius
708 4065 751 4145 Q.
768 4063 928 4128 Cossium
942 4076 1161 4147 quaestorem
1179 4064 1254 4127 siue
1274 4076 1368 4128 sorte
1385 4056 1515 4140 tetegit,

200 4160 329 4222 Caesar
346 4156 554 4231 Antonium,
578 4178 644 4241 ego
668 4156 823 4221 Caelium
837 4169 931 4221 sorte
953 4157 1074 4220 dotum
1091 4155 1315 4246 offenderem.
1359 4156 1409 4221 De
1430 4145 1515 4211 vatilt

199 4250 325 4336 legibus
345 4250 438 4314 Titiis
460 4252 555 4314 multa
574 4251 699 4335 quidem
721 4252 845 4315 Anton.
862 4251 1065 4336 Augustinus
1085 4252 1122 4314 de
1138 4251 1282 4336 Legibus
1297 4262 1329 4314 et
1344 4250 1401 4313 Fr.
1418 4245 1515 4308 Hoto-

201 4364 328 4419 manus,
359 4342 502 4409 necnon
528 4345 658 4409 Frider.
682 4345 891 4409 Brummerus
918 4347 957 4407 ad
977 4345 1082 4430 legem
1109 4344 1269 4420 Cinciam,
1294 4364 1366 4426 cap.
1390 4344 1419 4403 1.
1459 4332 1515 4396 sau

64 4438 70 4457 '
202 4442 242 4504 tle
265 4440 342 4515 hac,
366 4437 455 4503 cuius
476 4438 528 4501 hic
549 4440 585 4503 tit
606 4438 741 4515 mentio,
768 4439 843 4502 nibil
866 4451 1071 4503 annotarunt.
1115 4440 1239 4503 Verum
1259 4439 1370 4519 Stepb.
1391 4426 1513 4516 Pighius

186 4533 234 4603 ¹iu
257 4532 347 4596 fastis
370 4535 523 4599 Romanis
546 4536 585 4597 ael
607 4555 722 4597 anuum
744 4534 819 4598 488.
842 4531 1003 4597 existimat
1024 4537 1063 4598 C.
1087 4534 1221 4615 Titium
1247 4532 1402 4595 tribunum
1422 4519 1512 4609 plebit

201 4628 260 4692 illo
282 4649 366 4690 anno
388 4628 490 4721 legem
513 4629 623 4692 tulisse
646 4630 685 4691 de
707 4638 913 4712 quaestorum
933 4649 1065 4692 nurnero
1089 4627 1282 4711 duplicando
1304 4634 1336 4689 et
1351 4610 1512 4705 provinciis

204 4721 577 4808 quaestoriisaugendis
605 4720 839 4807 sortiendisque
867 4743 908 4786 ex
936 4723 972 4785 S.
996 4720 1038 4787 C.
1071 4722 1165 4785 Hanc
1195 4741 1264 4785 esse
1291 4718 1374 4782 illam
1404 4713 1510 4794 teges.

203 4838 298 4911 quam
320 4815 373 4880 bie
393 4814 513 4886 Cicero
535 4816 619 4882 dicat
642 4817 785 4882 Titium.
830 4816 917 4882 Nihil
939 4819 1041 4881 adbuc
1055 4815 1257 4900 probabilius
1272 4837 1289 4880 a
1303 4824 1455 4897 quoquam
1469 4806 1510 4862 0⁸²
