3220 5572
447 429 598 495 INDEX
619 429 801 495 LEGUM.
1234 422 1294 491 tto

41 571 188 632 Alarluuu.
227 520 332 633 :iliter
352 567 432 633 enirn
450 569 550 635 nostri
574 580 691 654 negant
707 589 805 650 posse
825 588 859 631 se
876 567 984 633 salvos
1003 565 1106 632 esse.”
1149 565 1291 647 Philipp.

41 662 185 745 tuusq.
203 697 241 708 -
263 663 436 745 „Postulat
458 663 500 742 (in
524 662 677 725 mandatis
698 664 749 727 M.
771 661 966 742 Antonius),
991 682 1031 724 ne
1052 680 1108 724 sua
1129 658 1292 723 iudiciaria

40 755 254 840 lerrbrogetur.'’
297 756 440 841 Philipp.
463 757 565 822 VIII.
587 758 625 863 ll,
650 756 704 821 97.
1242 754 1245 769 '

375 914 536 980 Auroura
559 915 601 979 cle
617 913 876 998 prouocatione.
959 988 970 1015 Ι

87 1034 198 1113 ,Altera
224 1036 427 1119 promulgata
452 1036 505 1100 lex
532 1046 597 1113 est,
629 1047 664 1099 ut
685 1048 716 1100 et
738 1039 776 1099 de
800 1035 833 1100 vi
855 1046 887 1099 et
902 1036 947 1099 ¹de
970 1020 1131 1098 maiestate
1153 1034 1291 1098 damuati

30 1129 55 1189 al
76 1128 197 1209 ppultnu
226 1142 424 1211 provocent,
460 1130 488 1193 si
520 1128 630 1196 velint.
675 1131 766 1194 Haec
796 1141 903 1193 utrum
933 1130 1059 1192 tandein
1089 1129 1143 1195 lex
1170 1139 1218 1192 eat
1251 1138 1303 1192 an*

27 1219 101 1304 legen
118 1222 238 1285 omniunt
261 1221 479 1288 dissoluti0?'’
523 1223 667 1307 Philipp.
690 1224 720 1287 Ι.
744 1226 781 1301 9,
806 1224 860 1288 21.

44 1377 166 1441 bsrourt
185 1380 223 1444 tle
244 1381 365 1466 pirineo
386 1381 442 1446 die
462 1382 624 1448 ludorum
646 1385 883 1448 Romanorum
904 1381 1046 1447 Caesari
1067 1381 1261 1449 tribuendo.

81 1499 210 1577 ,Quaero
230 1503 400 1585 deinceps,
428 1524 521 1580 uum,
552 1504 722 1567 hodiernus
744 1502 810 1566 dies
838 1501 893 1587 qui
917 1503 977 1578 sit,
1000 1501 1154 1584 ignores?
1189 1502 1291 1569 nescis

22 1590 70 1653 heri
90 1606 213 1676 quartum
238 1598 270 1660 in
304 1595 403 1662 Circo
433 1597 513 1661 diem
544 1597 691 1661 ludorum
724 1597 944 1660 Romanorum
977 1597 1093 1669 luisse,
1131 1606 1162 1658 te
1186 1607 1290 1659 autent
1364 1670 1369 1681 1

22 1685 93 1762 prun
109 1689 141 1749 ad
153 1690 299 1771 populum
315 1690 441 1768 tulisse,
465 1702 499 1755 ut
515 1692 642 1774 quintus
663 1701 827 1772 praeterea
843 1689 909 1753 dies
926 1688 1056 1754 Caesari
1071 1688 1292 1753 tribueretur?

23 1771 71 1839 Cu·
86 1798 135 1842 uon
154 1802 255 1846 surnus
274 1783 491 1866 praetextati?
514 1784 584 1849 Cur
604 1785 759 1848 honorem
784 1781 918 1850 Caesari
938 1795 992 1848 tua
1014 1785 1086 1870 lege
1108 1784 1215 1845 datum
1237 1783 1293 1847 de·

23 1868 241 1952 eripatimur?”
284 1877 430 1961 Philipp.
452 1879 499 1944 II.
523 1880 579 1956 43,
604 1881 676 1947 110.

233 2035 395 2100 Aurorun
417 2037 458 2100 cle
475 2038 732 2122 permutatione
750 2036 1022 2121 provinciarum.

83 2154 137 2225 ,lb
161 2157 321 2221 Antonius
349 2159 460 2222 consul
490 2180 560 2222 curu
588 2158 779 2240 impotenter
808 2158 1026 2222 dominaretur
1058 2159 1226 2242 legemque
1255 2159 1293 2220 de
1322 2152 1330 2177 ⁸

34 2248 202 2321 motione
222 2249 463 2332 provinciarum
490 2274 548 2334 per
571 2252 633 2315 viru
659 2252 782 2314 tulisset
808 2264 840 2316 ct
864 2251 1033 2317 Caesarem
1056 2249 1293 2331 (Octavianum)

34 2355 117 2419 qnoque
131 2344 242 2427 maguis
267 2344 387 2407 iniuriis
411 2345 583 2420 affecisset,
618 2343 740 2410 Caesar
767 2357 799 2408 et
822 2344 883 2408 sibi
911 2357 942 2408 et
965 2344 1012 2409 rei
1035 2342 1293 2427 publicaevircs

31 2429 204 2499 titumeuru
223 2449 396 2519 paraturus
414 2440 567 2504 deductos
585 2438 614 2502 in
631 2440 775 2504 colonias
794 2449 963 2502 veteranos
990 2437 1171 2501 excitavit.''
1215 2436 1294 2499 Liv.

29 2518 87 2601 Ell·
103 2523 229 2596 CXVII.
263 2567 306 2579 -
345 2529 413 2614 Τὴν
432 2540 493 2620 μὲν
513 2534 724 2600 Μακεδονίαν
745 2530 804 2614 τὴν
825 2532 871 2623 τῷ
891 2527 1021 2622 Μάρκῳ
1048 2529 1237 2620 (Ἀντωνίῳ)
1259 2530 1293 2594 ἐκ

28 2614 67 2715 ‘tl
83 2616 180 2709 tlipov
206 2627 404 2710 δεδομένην,
429 2621 448 2692 ὁ
477 2621 621 2717 ἀδελφὸς
649 2622 753 2693 αὐτοῦ
780 2620 883 2703 Γάϊος
911 2625 1181 2718 σφετερίσασθαι
1203 2619 1295 2702 (uilo-

26 2710 107 2790 't'itl'
122 2712 172 2796 rip
191 2720 225 2786 δὲ
246 2720 421 2803 Γαλατίαν
441 2716 502 2802 τὴν
523 2718 614 2798 ἐντὸς
633 2722 697 2787 τῶν
710 2716 876 2799 Ἄλπεων,
897 2707 917 2813 ᾖ
940 2713 959 2785 ὁ
979 2718 1131 2809 Βροῦτος
1159 2710 1177 2782 ὁ
1203 2717 1293 2783 Δέκι-

28 2815 310 2894 luapooeu'rcxro,
345 2808 446 2891 αὐτὸς
476 2815 595 2892 ἐκεῖνος
619 2809 702 2900 μετὰ
729 2815 792 2881 τῶν
817 2807 1071 2899 στρατευμάτων
1092 2811 1155 2877 τῶν
1182 2809 1215 2886 ἐς
1235 2804 1295 2888 τὴν

28 2890 190 2997 ’iubenior
214 2909 519 3015 npoueprprie'ueou3
546 2902 589 2985 ὡς
617 2913 673 2974 καὶ
701 2902 918 2997 ἰσχυροτάτην
948 2910 1004 2971 καὶ
1031 2909 1101 2982 τοῖς
1127 2897 1293 2989 χρήμασιν

30 3008 106 3071 uon,
127 2991 323 3083 ἀντιλαβεῖν.
353 3000 459 3067 ταῦτα
481 3024 540 3067 ουν
562 3002 753 3094 ἐψηφίσθη.
801 2999 867 3065 Dio
894 2998 1024 3065 Cassius
1044 2999 1158 3062 XLV.
1179 2997 1211 3060 9.
1240 2995 1293 3058 20.

28 3076 61 3140 95·
74 3084 114 3148 ll·
130 3091 255 3159 XLVI.
278 3094 331 3156 93.
354 3094 408 3158 24.
438 3129 479 3142 -
517 3096 580 3177 „In
607 3094 743 3158 Galliam
771 3093 886 3158 invasit
912 3091 1088 3166 Antonius,
1123 3091 1155 3155 iu
1181 3089 1291 3154 Asiam

25 3168 162 3260 Dolabella,
190 3187 220 3250 in
253 3187 384 3251 alienam
415 3200 550 3272 uterque
579 3187 816 3270 provinciam.’'
860 3187 1002 3270 Philipp.
1033 3185 1098 3251 XI.
1127 3186 1163 3258 9,
1194 3184 1226 3245 lt.
1249 3217 1291 3229 -

26 3263 101 3337 ,llen
123 3279 182 3355 (M.
200 3282 391 3360 Antonius)
419 3281 618 3363 provinciam
649 3284 753 3345 Bruto
782 3279 948 3365 designato
981 3278 1103 3343 consuli
1133 3281 1291 3340 decretam

26 3356 119 3430 Galliam
136 3392 289 3457 occupare
312 3374 436 3450 statuit,
460 3375 629 3439 Dolabella
651 3373 873 3439 transmarinas
896 3374 1038 3438 decrevit
1053 3371 1150 3437 sibi.’'
1172 3370 1290 3434 Vellei.
1398 3446 1403 3451 ι

27 3444 108 3520 llll).
125 3497 160 3511 —
179 3466 280 3532 Cous.
303 3468 445 3549 Appian.
470 3469 554 3532 Bell.
579 3467 656 3533 Ciu.
680 3469 747 3533 Ill.
769 3470 824 3543 27,
848 3468 901 3530 30.

79 3550 139 3619 Vil.
163 3559 254 3624 etiam
277 3562 396 3625 locrus
423 3582 448 3625 a
471 3564 527 3627 M.
551 3562 704 3649 Antonio
723 3562 804 3645 post
831 3571 976 3625 mortem
999 3556 1291 3636 Caesonisflxco.

529 3720 738 3784 Arruurttuu.

64 3831 176 3931 ..Ergo
197 3850 249 3903 est
276 3839 331 3901 lex
359 3837 514 3904 iustorum
541 3839 794 3925 iniustorumque
819 3839 999 3914 distinctio,
1034 3841 1072 3902 ad
1098 3839 1181 3919 illam
1212 3834 1292 3899 anti-

37 3930 154 3992 lffluuu
184 3945 215 3995 et
246 3953 355 3996 rerum
383 3936 520 3996 omniurn
551 3933 726 4016 principem
756 3956 908 4016 expressa
938 3946 1097 4007 naturaru3
1131 3931 1170 3992 ad
1199 3950 1291 4013 quarn

35 4000 235 4089 Ι’ὅῑίῆσιιτίαιαα
251 4027 450 4111 diriguntur,
475 4049 555 4112 qrrac
577 4026 735 4109 supplicio
757 4027 923 4109 improbos
942 4027 1096 4102 afficiunt,
1121 4024 1292 4088 defendunt

32 4112 161 4181 ‘chutun
180 4123 297 4185 honos.
338 4123 381 4201 Q.
411 4121 583 4184 Praeclare
612 4121 776 4206 intelligo:
813 4142 872 4185 nec
902 4141 981 4184 vero
1009 4120 1070 4182 iarn
1100 4118 1193 4204 allatu
1220 4136 1290 4179 esse

29 4190 90 4261 ’ΜΦ
108 4206 193 4294 legem
221 4228 302 4295 puto
325 4233 390 4278 uon
418 4217 513 4278 ruodo
536 4217 731 4291 habendam,
766 4218 821 4279 sed
844 4236 883 4279 ne
910 4214 1127 4295 appellandam
1150 4209 1290 4293 qrridetn.

27 4284 160 4395 lllgitur
175 4316 206 4371 tu
228 4307 331 4381 'I'itias
352 4318 384 4371 et
401 4309 592 4391 Appuleiae
610 4309 700 4393 leges
727 4309 827 4371 nullas
850 4306 964 4390 putas?
986 4312 1034 4389 Q.
1053 4308 1128 4391 Ego
1150 4324 1230 4368 vero
1251 4322 1291 4366 ne

27 4374 105 4450 Ltnar
121 4398 243 4478 quidem.
286 4403 343 4467 M.
367 4401 411 4463 Et
433 4412 538 4476 recte,
567 4423 649 4484 quae
673 4402 861 4484 praesertim
885 4422 948 4465 tuno
974 4400 1135 4464 versiculo
1163 4407 1291 4460 senatus

27 4487 109 4547 Plelo
130 4494 269 4576 temporis
295 4494 439 4557 sublatae
464 4495 544 4570 sint;
577 4496 629 4559 lex
660 4507 763 4559 autern
792 4496 865 4572 illa,
899 4493 986 4558 cuius
1017 4493 1079 4555 viui
1115 4488 1289 4573 explicavi,

28 4579 98 4655 ”²5⁰0
117 4584 176 4647 tolli
201 4609 302 4672 neque
334 4589 487 4672 abrogari
518 4589 659 4671 potest.''
715 4592 755 4653 de
783 4591 894 4674 Legg.
921 4588 972 4651 II.
1002 4586 1038 4661 6,
1071 4586 1223 4648 13-14.
1249 4616 1291 4630 ·-

28 4658 188 4747 Appuleia
203 4682 414 4748 Saturninus
432 4683 636 4746 Gracchanas
654 4704 796 4747 asserere
809 4684 896 4767 leges
908 4702 970 4744 nou
986 4677 1138 4743 destitit.”
1171 4677 1291 4742 Florus

29 4742 73 4815 ω’
91 4764 135 4842 ¹⁶2
155 4776 241 4837 1.·-
262 4776 454 4860 ,Rogaodis
475 4779 697 4841 Gracchorum
712 4777 837 4861 legibus
851 4778 896 4841 ita
910 4775 1114 4840 vehementer
1134 4769 1288 4842 incubuit,
1352 4830 1356 4861 Ι

28 4852 53 4902 ¹¹
66 4867 174 4928 Μῖνι
191 4882 477 4957 quoquecogeret
496 4869 530 4935 iu
553 4875 651 4936 verba
673 4892 729 4935 sua
750 4869 891 4935 iurare.''
939 4868 1059 4934 Florus
1081 4865 1149 4931 III.
1179 4864 1235 4938 lb,
1259 4862 1290 4926 2.
