3490 5586
639 382 791 447 tunna
812 344 993 477 Lunum.
1073 432 1077 439 ι
1415 377 1477 441 sos

239 525 273 589 Si
303 524 375 608 qttis
403 545 483 588 vero
505 522 561 609 qui
584 543 694 587 census
716 535 800 586 esset
822 534 936 587 contra
956 522 1041 585 illam
1064 523 1166 606 legem
1189 518 1346 605 virginem
1368 518 1478 585 mulie-

151 642 265 689 κίονι
288 622 436 683 heredem
459 617 658 693 instituisset,
682 640 746 683 non
769 629 988 681 testamentum
1011 629 1112 680 totum
1134 615 1258 678 irritum
1280 613 1396 686 fiebat,
1420 610 1478 675 sed

152 716 223 792 itta,
261 732 345 798 (pm
365 714 509 777 instituta
537 724 623 775 esset
651 723 763 775 contra
790 711 914 795 legem.
947 722 1103 774 summota
1129 709 1270 793 reliquae
1298 704 1478 769 testamenti
1523 758 1526 767 ,

153 818 261 892 partes
285 808 445 871 valebant.
457 807 605 887 Quod,
636 827 706 868 cum
730 808 855 870 Verres
880 806 945 869 filia
968 804 1067 869 Annii
1088 815 1243 867 summota
1268 800 1477 864 hereditatem

153 906 202 985 lu.
221 903 330 969 Annio
353 904 492 965 secundo
514 898 624 962 heredi
646 902 830 963 condonare
855 911 983 983 posset,
1015 909 1103 960 recte
1127 897 1276 960 videntur
1301 894 1477 959 coniecisse
1521 935 1527 945 -

154 994 433 1078 Zimmeuiusp.
462 994 537 1059 399.
569 996 677 1058 adnot.
706 994 780 1069 59.,
817 994 1009 1076 Hessiusp.
1039 976 1101 1055 188
1127 1013 1206 1076 seq.
1233 989 1388 1075 Schilling
1415 990 1478 1053 Be-

152 1093 324 1250 merkctiisi
343 1091 611 1265 41911ιιιιιιιριιιις.
619 1200 665 1245 ·c.
690 1183 747 1246 dl:
770 1183 1022 1264 locupletabant
1044 1194 1077 1244 et
1091 1179 1226 1258 fiscum
1247 1190 1280 1242 et
1300 1200 1404 1243 aeras
1405 1201 1478 1245 tum
1530 1244 1535 1257 ,
1627 1164 1633 1197 ³

147 1300 226 1349 non
253 1291 327 1342 tam
359 1277 531 1347 Voconiae
559 1290 592 1339 et
620 1276 730 1341 Iuliae
756 1279 865 1360 leges,
900 1299 1005 1365 quam
1033 1274 1224 1339 maiestatis
1244 1273 1423 1360 singulare
1444 1285 1479 1339 et

143 1374 296 1439 unicam
316 1373 448 1436 crimen
464 1410 529 1436 -.
553 1383 586 1434 et
609 1370 709 1433 Gaius
720 1366 778 1433 Il.
803 1377 834 1447 §.
858 1368 993 1432 ottuv
957 1373 993 1450 (v
997 1414 1006 1433 .
1029 1374 1139 1451 supra)
1161 1369 1324 1452 legemus
1339 1392 1479 1435 comme·

147 1478 298 1542 morant,
323 1477 490 1530 uteorum
516 1476 660 1547 tempore
680 1465 783 1526 adhuc
806 1464 941 1528 valuisse
964 1464 1122 1540 videatur,
1147 1463 1270 1532 Gellius
1295 1489 1374 1532 vero
1397 1467 1478 1530 XX.

150 1565 190 1624 1.
211 1564 295 1625 haec
314 1562 448 1625 habeat:
479 1559 563 1644 qnid
585 1559 706 1623 utilius
720 1558 899 1641 plebiscito
921 1559 1064 1623 voconio
1085 1560 1126 1622 de
1146 1564 1341 1628 coercendis
1361 1563 1480 1626 mulie-

148 1679 239 1722 rum
272 1655 545 1719 hereditatibus?
581 1652 674 1736 Quid
703 1665 776 1715 tam
807 1650 1040 1717 necessarium
1075 1654 1316 1720 existimatam
1352 1670 1405 1722 est
1435 1693 1477 1705 -

149 1770 263 1835 qnam
284 1752 344 1812 lex
366 1749 501 1813 Licinia
524 1761 557 1812 ct
582 1747 714 1813 Fannia
737 1784 752 1796 ·
775 1749 821 1810 ·9
858 1748 976 1811 omnio
998 1760 1113 1811 tamen
1134 1752 1216 1813 hoec
1244 1752 1427 1816 obliterata
1446 1765 1481 1817 et

150 1857 282 1927 operta
301 1855 383 1907 sunt
403 1843 553 1906 ciuitatis
574 1841 767 1924 afficientia,
793 1841 963 1925 Savignius
985 1864 1017 1922 p.
1033 1842 1094 1911 936
1110 1865 1183 1926 sqq.
1206 1846 1286 1909 haec
1303 1847 1482 1911 testimonia

143 1938 201 2001 ita
229 1940 358 2002 videtur
387 1940 466 2001 bene
493 1936 697 2010 conciliasse,
731 1947 766 1997 ut
793 1935 923 1998 alteram
947 1936 1116 2000 Voconiae
1142 1951 1264 2019 partem
1291 1962 1373 2024 quac
1400 1955 1484 2007 esset

157 2035 199 2095 de
220 2032 337 2118 legatis
358 2034 431 2116 lege
452 2031 592 2095 Falcidia
615 2032 821 2113 abrogatam,
854 2031 987 2094 alteram
1015 2031 1089 2116 lege
1116 2032 1220 2115 Papia
1247 2035 1402 2117 Poppaea
1427 2057 1484 2100 an·

162 2125 265 2208 gnatis
286 2128 412 2211 quidem
433 2126 549 2188 finibtn
576 2123 848 2209 circumscriptam
874 2146 962 2200 csse,
986 2129 1042 2189 sed
1067 2128 1169 2190 adhuc
1195 2128 1484 2231 valisisse'iudicet,
1568 2147 1571 2153 ’

165 2219 300 2281 donec
291 2241 345 2283 tus
367 2220 542 2283 liberorum
565 2217 749 2281 tntslieribus
771 2218 918 2282 oumibus
948 2222 1191 2285 concederetur.
1237 2223 1300 2301 Qui
1326 2226 1407 2286 vcro
1433 2226 1487 2289 lex

165 2312 314 2377 Voconia
341 2313 452 2379 fiscum
482 2326 513 2377 et
541 2310 698 2376 aerarium
728 2312 927 2395 locupletare
955 2314 1117 2395 potuerit,
1153 2314 1362 2400 Savignius
1352 2339 1421 2401 lpse
1450 2343 1485 2403 p.

161 2404 243 2470 935.
266 2428 301 2468 se
320 2407 439 2472 latetur
461 2428 594 2490 prorsus
617 2405 784 2490 ignorare.

225 2499 397 2587 Denique
419 2502 716 2566 commemorandus
743 2510 791 2561 est
815 2495 948 2565 Paullus
976 2511 1099 2584 recept.
1126 2512 1208 2564 sent.
1233 2503 1298 2567 lv
1305 2507 1353 2587 8.
1378 2512 1409 2582 §.
1433 2508 1486 2572 99.

156 2594 222 2675 (cf.
247 2592 369 2660 Collat.
393 2596 486 2681 legg.
509 2596 602 2659 Mos.
626 2606 657 2656 et
680 2594 777 2656 Rom.
800 2595 901 2657 XVI.
926 2593 990 2674 3).
957 2593 1181 2686 )femt'nae
1210 2596 1258 2659 od
1279 2599 1487 2665 hereditates

155 2690 338 2774 legitimas
359 2693 455 2753 ultra
476 2687 752 2771 consanguineas
774 2688 1008 2752 successiones
1027 2710 1096 2753 non
1116 2690 1366 2755 admittantur:
1386 2695 1489 2779 idque

158 2785 242 2847 iare
263 2783 356 2847 civili
377 2785 568 2879 voconinpa
589 2782 724 2863 rotiope
746 2781 881 2844 videtur·
901 2780 1113 2870 effectm.
1103 2805 1124 2850 ι
1146 2803 1176 2846 e.
1223 2783 1319 2863 Quod
1334 2807 1398 2850 non
1413 2789 1488 2873 lege

160 2877 288 2962 aliqua,
320 2877 407 2941 sed
399 2899 469 2941 rure
490 2858 577 2941 ei‘vui
599 2877 746 2938 effectum
770 2887 833 2950 est,
870 2887 904 2938 ut
925 2876 1122 2941 feminae-
1145 2899 1208 2941 non
1231 2879 1486 2960 admitterentur,

159 2971 197 3035 it
218 2975 326 3035 cadesa
349 2973 475 3037 ratione
495 2971 613 3034 lactum
637 2981 701 3045 est,
734 2991 816 3052 qna
813 2970 987 3034 Voconius
1010 2973 1114 3057 legem
1141 2972 1231 3049 tulit,
1265 2985 1300 3036 ut
1320 2974 1488 3039 mulierum
1604 2993 1607 3007 ·

159 3067 328 3150 opulentis
350 3070 570 3131 coerceretur.
615 3066 662 3129 V.
685 3064 853 3149 Savignius
875 3088 909 3148 p.
932 3066 992 3130 935
1016 3089 1066 3150 sq.

249 3189 344 3252 Haec
363 3189 527 3253 hactenus.
549 3188 846 3252 HERMANNUS
869 3188 1108 3277 SAUPBIUS.
