3214 5586
462 397 615 463 INDEX
636 397 816 463 LEGUM.
1238 402 1300 467 2⁰9

40 536 152 601 ocum
170 534 326 601 iudicium
346 536 395 612 si,
419 539 763 622 quemadmodum
783 551 963 603 senatus
984 541 1156 606 censuit
1174 563 1302 626 popu·
1413 532 1416 536 ’

42 630 298 714 Iniqueiussit,
316 631 380 693 ito
388 630 602 723 fecisses,
626 645 671 696 ut
692 624 788 697 h'uic
808 645 848 697 et
870 655 989 698 suom
1010 647 1050 698 et
1070 639 1120 701 ab
1140 640 1216 701 hoc
1238 640 1303 702 ob-

41 736 183 788 serrrtas
202 724 344 787 tribus
365 725 533 801 ederes,
557 747 625 791 non
649 729 751 792 modo
776 748 845 791 nou
866 750 1046 811 quererer,
1070 734 1235 797 seruum
1257 732 1303 794 iis

41 817 154 881 tutuo
170 819 287 893 editis,
317 819 377 903 qui
396 830 499 883 testes
522 819 613 883 idem
635 842 709 884 esse
729 833 888 903 possent,
914 822 1110 886 assuetam
1127 836 1303 906 putorems

90 911 198 975 Ibidem.
240 915 325 977 Cum
348 913 440 976 enim
459 916 525 976 iras
544 914 657 977 tribus
675 914 832 989 edidisti,
857 914 988 998 ignotis
1010 928 1044 979 et
1063 917 1234 981 iudicibus
1251 917 1305 981 uti
1376 976 1381 981 .

38 1007 201 1090 mirquom
220 1006 312 1072 notis
332 1007 551 1088 irsdicoristi3
565 1007 745 1100 fugisti
765 1010 1030 1073 sententium
1050 1012 1174 1095 legis.

88 1098 117 1165 G.
133 1101 264 1165 xvul.
288 1106 319 1178 §.
344 1102 398 1165 45.
420 1114 495 1165 tum
516 1104 687 1180 mirabor,
711 1114 744 1166 te
766 1102 811 1166 iis
831 1105 941 1168 armis
963 1105 1032 1181 uti,
1055 1127 1144 1190 quoe
1163 1100 1225 1169 tibi
1244 1109 1305 1171 lex

31 1194 111 1269 ddu,
130 1196 285 1259 noluim-
446 1194 455 1203 ’

84 1290 126 1353 Er
148 1289 191 1353 his
211 1288 384 1372 praecipue
407 1289 434 1354 is
456 1291 566 1368 Iocus,
599 1291 653 1377 qui
681 1297 712 1369 §.
737 1292 790 1355 tt.
814 1304 918 1373 extet,
949 1314 1159 1378 maxumeque
1183 1297 1304 1370 verba,

27 1382 59 1459 ri,
75 1383 336 1467 pumodmodum
356 1398 500 1450 serimus
520 1387 652 1450 censuit
667 1389 884 1472 populusque
899 1387 1020 1464 iussit,
1046 1410 1145 1471 paene
1159 1389 1306 1474 flagitare

27 1474 186 1555 videbuntur,
221 1488 256 1541 ut
278 1477 310 1541 iu
332 1479 399 1561 ipsa
422 1479 494 1564 Iege
516 1480 730 1562 perscriptum
752 1482 970 1564 secutumque
999 1493 1171 1545 statuamus
1192 1483 1304 1563 fuisse,

26 1580 50 1630 u
64 1592 93 1632 rs
110 1571 196 1646 stite,
220 1592 315 1657 quem
337 1594 417 1654 qnae
439 1594 456 1636 a
478 1585 734 1656 reocorruptee
754 1587 987 1657 arguerentur,
1011 1577 1115 1639 tribus
1134 1577 1173 1638 ab
1198 1596 1309 1641 accus·
1429 1660 1433 1665 .

27 1674 102 1728 utere
121 1668 294 1729 ederentur.
332 1666 449 1731 Nihilo
471 1668 574 1732 miuus
596 1667 763 1753 quicquam
787 1689 851 1753 ego
869 1691 906 1732 ee
925 1672 964 1734 ds
986 1692 1020 1733 re
1037 1671 1067 1732 in
1088 1670 1161 1752 lege
1182 1669 1307 1761 Licinis

25 1756 95 1820 inisse
114 1760 255 1843 seriptum
280 1782 383 1846 nego,
419 1760 673 1847 Ciceronemque
692 1761 818 1838 verbis,
842 1763 892 1839 si,
916 1763 1205 1848 quemadmodum
1229 1776 1307 1840 cet„

27 1871 89 1914 nere
107 1855 237 1919 oratorio
261 1855 355 1921 dictis
377 1855 452 1919 nihil
477 1857 553 1919 aliut
579 1878 671 1940 quom
697 1857 886 1920 secundum
909 1858 998 1941 legis
1021 1857 1226 1920 seutentiam
1248 1879 1308 1920 vo-

27 1942 93 2009 que
115 1948 286 2032 significare
319 1950 473 2014 arbitror.
527 1942 608 2014 Nom
642 1972 706 2014 non
735 1950 835 2014 inisse
866 1951 1017 2032 scriptum
1048 1949 1121 2013 iIIut
1153 1950 1185 2013 iu
1215 1952 1304 2035 lege,
1409 2024 1413 2027 η

29 2052 89 2105 ute
104 2041 163 2105 inde
183 2044 397 2129 intellegitur,
421 2046 509 2128 quod
529 2044 562 2107 iu
586 2044 718 2129 reliquis
742 2046 820 2109 Iocis
837 2045 1001 2121 omnibus,
1025 2044 1080 2107 ubi
1095 2046 1133 2107 de
1154 2045 1207 2108 illo
1227 2042 1309 2109 iudi-

33 2136 208 2201 tneditione
232 2149 391 2214 ser-most,
425 2139 467 2200 ita
499 2136 619 2203 Cicero
646 2136 807 2222 loquitur,
839 2151 874 2202 ut
899 2140 1107 2202 Laterensem
1139 2160 1309 2223 numquam

36 2228 193 2294 mittem
218 2244 369 2306 senatus,
399 2243 447 2315 set
472 2232 640 2295 consilium
663 2233 821 2307 violasse,
847 2254 949 2316 neque
974 2243 1085 2295 contre
1113 2232 1237 2318 legem,
1262 2248 1311 2298 set

38 2326 114 2384 tntu
124 2338 228 2388 contra
244 2327 331 2410 Iegis
346 2326 531 2389 senteutiam
547 2326 662 2389 secisse
678 2324 773 2390 dicat.
805 2326 972 2390 Pertineut
986 2327 1049 2388 huc
1068 2324 1160 2387 etiam
1178 2325 1209 2387 hi
1226 2327 1309 2391 loci:

72 2411 117 2479 d·
132 2419 225 2497 xvi,
250 2426 286 2496 §.
309 2420 363 2483 39.
407 2421 500 2502 Quid
524 2421 615 2485 enim
636 2432 735 2503 potes
757 2420 886 2495 dicere,
920 2440 982 2482 cur
1009 2420 1079 2482 ista
1105 2418 1214 2482 editio
1239 2441 1309 2484 nort
1360 2412 1362 2417 ’

33 2516 150 2574 mm
166 2504 294 2576 hcibeat
316 2515 537 2578 acerbitatem
560 2526 694 2579 remota
714 2514 849 2578 ratione
875 2514 955 2590 itte,
977 2534 1081 2597 quam
1102 2511 1145 2573 in
1167 2513 1309 2577 decer·

34 2602 128 2668 tendo
143 2607 280 2671 secuti
302 2609 474 2672 sumus?

89 2694 119 2762 C.
136 2700 267 2766 xvut.
293 2707 326 2779 §.
349 2704 402 2770 di,
444 2705 566 2788 Neque
581 2724 647 2786 ego
661 2700 949 2767 nuncconsi1ium
962 2701 1174 2783 reprehendo
1195 2713 1307 2780 tuum,

38 2788 152 2947 nus
169 2796 304 2871 tribus,
328 2797 450 2881 quibus
471 2798 525 2860 iric
548 2818 712 2860 maxume
734 2808 854 2871 rictus,
878 2815 948 2859 non
969 2794 1137 2871 edideris,
1162 2806 1213 2859 set
1233 2816 1256 2859 o
1275 2810 1309 2861 te

120 2890 334 2953 consitium
356 2911 435 2954 nou
456 2904 674 2954 servotum
693 2902 884 2954 senatus.

92 2978 162 3066 dtrni
179 2985 205 3047 si
225 2983 356 3048 disertis
381 2960 578 3048 verbidium
596 2985 628 3048 in
652 2986 725 3068 lege
744 2982 1032 3064 Licinisscriptum
1050 2980 1180 3060 fuisset,
1205 3006 1308 3071 neque

31 3058 161 3139 Ῐὰιιιίι
177 3078 301 3151 tribue,
326 3099 404 3162 quas
425 3079 537 3155 edidit,
562 3082 658 3143 edere
680 3081 857 3162 potuisset,
883 3089 916 3142 et
931 3077 1067 3152 Cicero,
1092 3078 1121 3141 si
1145 3079 1307 3158 edidisset,

28 3160 155 3247 *un
175 3172 401 3237 auctoritatem
424 3186 549 3237 senatus
575 3194 613 3235 ac
634 3173 785 3243 violatam
809 3194 879 3237 esse
901 3173 1004 3255 legem
1019 3171 1198 3237 clamasset.
1242 3175 1309 3237 Ne·

27 3266 73 3341 F
89 3282 151 3329 'tro
174 3271 398 3344 obscurentur,
432 3290 494 3351 qua
522 3269 647 3331 rstIoue
676 3264 797 3332 Cicero
827 3264 1097 3331 Laterenseuin
1128 3265 1309 3350 detegendis

20 3338 288 3448 hdr-fugisse
312 3364 496 3426 sententiam
524 3363 604 3448 legis
634 3361 742 3425 dicere
770 3361 926 3444 potuerit.
970 3357 1084 3424 Fuisse
1115 3358 1196 3422 enim
1225 3362 1309 3425 hanc

14 3432 287 3533 ⁴Utscueutiam,
312 3469 348 3519 ut
365 3478 421 3521 eee
443 3458 566 3531 tribus,
592 3478 673 3542 quae
696 3468 868 3539 corruptae
892 3476 909 3517 a
932 3476 991 3518 reo
1014 3466 1245 3536 arguerentur,
1266 3458 1306 3518 ab

15 3542 179 3635 11μιιιιιι
198 3555 391 3628 ederentur,
416 3552 488 3614 iude
513 3549 654 3635 conlegit
674 3548 808 3624 Cicero,
834 3551 922 3633 qnod
942 3547 975 3611 in
994 3545 1066 3610 solo
1084 3545 1308 3612 sodaliciorum

33 3624 121 3797 t
137 3646 291 3710 tribuario
318 3647 358 3708 eb
382 3657 583 3709 rccrrssotore
604 3645 654 3708 edi
669 3643 773 3707 tribus
798 3643 898 3706 licuit.
939 3643 1054 3726 ltaque
1074 3636 1127 3700 itte
1148 3637 1194 3701 sic
1209 3641 1309 3706 retio-

54 3794 72 3811 .,
131 3750 190 3803 eu:
214 3741 249 3803 Si
272 3741 304 3802 iu
327 3740 387 3802 hec
407 3741 478 3803 sola
499 3760 536 3803 re
558 3739 712 3803 tribueris
734 3738 811 3817 (cfr.
834 3743 865 3814 §.
889 3736 958 3816 36.)
980 3735 1082 3799 tribue
1105 3733 1155 3795 edi
1174 3733 1248 3796 licet
1267 3737 1308 3797 sb

14 3900 16 3905 ¹
39 3820 204 3911 fluore,
230 3855 295 3899 non
317 3845 426 3916 potest
450 3834 517 3898 eius
538 3836 584 3899 rei
603 3835 661 3897 elia
684 3855 793 3896 coiisse
819 3828 911 3904 esse,¹
931 3852 1023 3916 quam
1048 3833 1143 3907 haec,
1168 3829 1308 3912 quodie

39 3910 207 3990 morum
228 3927 362 3992 crimine
378 3927 533 3991 tribuario
549 3928 652 3993 tribus
667 3940 798 4009 optume
816 3924 958 3989 iudicare
973 3940 1120 4007 possunt.
1164 3923 1308 3988 Possunt

38 4012 308 4104 “propterea
343 4025 429 4107 quod
452 4023 572 4098 sciunt,
607 4021 684 4106 quid
713 4021 753 4082 eb
782 4040 841 4095 eo,
876 4017 931 4101 quii
961 4032 1162 4093 accusentur,
1191 4018 1222 4081 iu
1250 4039 1308 4081 co·

33 4092 97 4207 ,ἢ
114 4115 294 4181 semiesum
323 4115 381 4205 sit.¹
423 4114 623 4181 Certissuma‘
651 4125 754 4178 orrum
778 4113 808 4176 in
831 4111 915 4176 illius
939 4112 1055 4179 delicto
1088 4114 1163 4194 (cir.
1189 4120 1219 4190 §.
1242 4114 1306 4192 ¹16.)

29 4196 121 4265 Νι
141 4228 245 4273 eorum
267 4212 362 4273 debet
381 4231 468 4285 esse,
494 4211 549 4294 qui
572 4232 680 4275 eermn
702 4210 842 4290 ipsarum
861 4207 1000 4271 tribuum
1022 4220 1112 4283 sunt,
1137 4227 1215 4292 qrras
1232 4227 1307 4271 reus

27 4282 129 4360 fflitt
150 4304 300 4367 sodeIIum
323 4324 423 4385 opere
446 4304 555 4368 tulisse
582 4304 740 4389 arguitur.
784 4303 897 4386 Itaque
912 4304 977 4366 hoc
991 4298 1125 4365 consilio
1149 4311 1308 4363 necessest

78 4384 127 4452 Νι
147 4393 203 4472 rit,
227 4409 262 4461 ut
276 4398 358 4462 idem
377 4409 476 4462 testes
492 4410 522 4461 et
537 4398 656 4462 Iudices
678 4397 741 4461 sint
763 4397 839 4476 (cir.
864 4402 893 4474 §.
916 4397 1002 4476 37.).
1045 4397 1127 4459 Nem
1146 4394 1179 4457 id
1201 4394 1226 4457 si
1243 4415 1306 4459 noo

26 4482 75 4551 Ur
89 4481 213 4575 resurgi
234 4514 299 4556 uon
320 4503 445 4575 potest,
469 4514 528 4555 cur
550 4513 614 4557 nou
637 4491 670 4554 in
693 4504 815 4555 ceteras
832 4500 960 4554 caussas
978 4488 1156 4554 istiusmodi
1170 4488 1307 4552 iudicum

27 4562 99 4636 urs
114 4584 252 4648 mucan
274 4586 315 4648 su
335 4586 411 4666 (err.
434 4588 466 4660 §-
490 4586 573 4665 su).

87 4667 185 4759 Usque
203 4679 314 4760 negari
330 4690 455 4762 potest,
480 4679 730 4744 acerbissumum
745 4679 809 4744 hoc
828 4699 930 4763 genus
945 4675 1040 4740 iudici
1054 4676 1195 4740 futurum
1210 4675 1309 4739 fuisse
1416 4718 1424 4724 -

31 4766 123 4849 Μ
137 4771 251 4836 ratione
264 4774 333 4849 itta,
356 4796 449 4857 quem
468 4785 610 4838 senatum
625 4775 658 4838 in
676 4777 874 4838 decernendo
890 4784 1033 4836 secutum
1048 4768 1168 4836 Cicero
1182 4767 1307 4833 scribit.

33 4840 69 4908 lu
84 4856 240 5007 {2:⁵⁶⁸
264 4867 386 4950 imunt
419 4880 472 4946 ¹¹¹²
505 4889 587 4953 ΨΜ
613 4888 758 4934 mxumo
786 4890 845 4934 reo
873 4867 1016 4933 infensos
1040 4866 1138 4931 sciret
1146 4910 1173 5008 ‚⁴
1190 4861 1310 4927 iudices

175 4966 259 5013 scu.
278 4968 322 5015 ιιι.
1026 5012 1032 5021 ’
1141 4963 1152 5007 ¹
