<?xml version="1.0" encoding="UTF-8"?>
<!DOCTYPE html PUBLIC "-//W3C//DTD XHTML 1.0 Transitional//EN"
    "http://www.w3.org/TR/xhtml1/DTD/xhtml1-transitional.dtd">
<html xmlns="http://www.w3.org/1999/xhtml" xml:lang="en" lang="en">
 <head>
  <title>
</title>
<meta http-equiv="Content-Type" content="text/html;charset=utf-8" />
  <meta name='ocr-system' content='tesseract 3.04.00' />
  <meta name='ocr-capabilities' content='ocr_page ocr_carea ocr_par ocr_line ocrx_word'/>
</head>
<body>
  <div class='ocr_page' id='page_1' title='image "./mtulliiciceroni01fabrgoog_0465.png"; bbox 0 0 3338 5584; ppageno 0'>
   <div class='ocr_carea' id='block_1_1' title="bbox 270 342 1242 416">
    <p class='ocr_par' dir='ltr' id='par_1_1' title="bbox 270 342 1242 416">
     <span class='ocr_line' id='line_1_1' title="bbox 270 342 1242 416; baseline 0.003 -5"><span class='ocrx_word' id='word_1_1' title='bbox 270 370 274 379; x_wconf 78' lang='grc'>’</span> <span class='ocrx_word' id='word_1_2' title='bbox 313 350 378 411; x_wconf 77' lang='lat' dir='ltr'><strong>tte</strong></span> <span class='ocrx_word' id='word_1_3' title='bbox 405 342 408 348; x_wconf 35' lang='lat'><em>⁸</em></span> <span class='ocrx_word' id='word_1_4' title='bbox 716 352 867 416; x_wconf 74' lang='lat' dir='ltr'><strong>INDEX</strong></span> <span class='ocrx_word' id='word_1_5' title='bbox 881 348 1242 415; x_wconf 72' lang='lat' dir='ltr'><strong>eettrteLAttUnt.</strong></span> 
     </span>
    </p>
   </div>
   <div class='ocr_carea' id='block_1_2' title="bbox 316 487 1639 1731">
    <p class='ocr_par' dir='ltr' id='par_1_2' title="bbox 369 487 1556 729">
     <span class='ocr_line' id='line_1_2' title="bbox 403 487 1556 569; baseline -0.007 -16"><span class='ocrx_word' id='word_1_6' title='bbox 403 489 592 553; x_wconf 75' lang='lat' dir='ltr'><strong>Victoria</strong></span> <span class='ocrx_word' id='word_1_7' title='bbox 614 490 723 552; x_wconf 83' lang='lat' dir='ltr'><strong>iusta&#39;</strong></span> <span class='ocrx_word' id='word_1_8' title='bbox 739 492 964 569; x_wconf 83' lang='lat' dir='ltr'><strong>imperator</strong></span> <span class='ocrx_word' id='word_1_9' title='bbox 984 492 1233 569; x_wconf 81' lang='lat' dir='ltr'><strong>appellatus.</strong></span> <span class='ocrx_word' id='word_1_10' title='bbox 1256 491 1299 549; x_wconf 85' lang='lat' dir='ltr'><strong>nd</strong></span> <span class='ocrx_word' id='word_1_11' title='bbox 1318 487 1412 559; x_wconf 68' lang='lat' dir='ltr'><strong>Fam.</strong></span> <span class='ocrx_word' id='word_1_12' title='bbox 1435 487 1471 560; x_wconf 90' lang='lat'><strong>2,</strong></span> <span class='ocrx_word' id='word_1_13' title='bbox 1494 488 1556 547; x_wconf 81' lang='lat' dir='ltr'><strong>te..</strong></span> 
     </span>
     <span class='ocr_line' id='line_1_3' title="bbox 403 573 1288 651; baseline -0.005 -16"><span class='ocrx_word' id='word_1_14' title='bbox 403 574 454 635; x_wconf 90' lang='lat' dir='ltr'><strong>Vi</strong></span> <span class='ocrx_word' id='word_1_15' title='bbox 477 574 659 635; x_wconf 85' lang='lat' dir='ltr'><strong>deiicere</strong></span> <span class='ocrx_word' id='word_1_16' title='bbox 682 575 726 634; x_wconf 84' lang='lat' dir='ltr'><strong>de</strong></span> <span class='ocrx_word' id='word_1_17' title='bbox 748 575 864 634; x_wconf 80' lang='lat' dir='ltr'><strong>saltu.</strong></span> <span class='ocrx_word' id='word_1_18' title='bbox 892 593 955 651; x_wconf 81' lang='lat' dir='ltr'><strong>pro</strong></span> <span class='ocrx_word' id='word_1_19' title='bbox 980 573 1129 650; x_wconf 82' lang='lat' dir='ltr'><strong>Quinctio</strong></span> <span class='ocrx_word' id='word_1_20' title='bbox 1153 574 1210 643; x_wconf 76' lang='grc'><strong>21,</strong></span> <span class='ocrx_word' id='word_1_21' title='bbox 1236 574 1288 631; x_wconf 99' lang='grc'><strong>79.</strong></span> 
     </span>
     <span class='ocr_line' id='line_1_4' title="bbox 369 654 1298 729; baseline 0.004 -18"><span class='ocrx_word' id='word_1_22' title='bbox 369 708 372 711; x_wconf 89' lang='grc'><strong>.</strong></span> <span class='ocrx_word' id='word_1_23' title='bbox 403 655 551 717; x_wconf 88' lang='lat' dir='ltr'><strong>Videri</strong></span> <span class='ocrx_word' id='word_1_24' title='bbox 573 656 604 717; x_wconf 92' lang='lat' dir='ltr'><strong>in</strong></span> <span class='ocrx_word' id='word_1_25' title='bbox 626 656 784 718; x_wconf 74' lang='lat' dir='ltr'><strong>sorriinlis.</strong></span> <span class='ocrx_word' id='word_1_26' title='bbox 829 657 930 716; x_wconf 83' lang='lat' dir='ltr'><strong>Verr.</strong></span> <span class='ocrx_word' id='word_1_27' title='bbox 957 658 1077 716; x_wconf 80' lang='lat' dir='ltr'><strong>Aecus.</strong></span> <span class='ocrx_word' id='word_1_28' title='bbox 1102 657 1137 729; x_wconf 89' lang='lat'><strong>2,</strong></span> <span class='ocrx_word' id='word_1_29' title='bbox 1161 654 1221 727; x_wconf 85' lang='grc'><strong>38,</strong></span> <span class='ocrx_word' id='word_1_30' title='bbox 1245 654 1298 715; x_wconf 90' lang='grc'><strong>93.</strong></span> 
     </span>
    </p>

    <p class='ocr_par' dir='ltr' id='par_1_3' title="bbox 316 733 1638 978">
     <span class='ocr_line' id='line_1_5' title="bbox 403 733 1601 818; baseline -0.006 -19"><span class='ocrx_word' id='word_1_31' title='bbox 403 738 544 801; x_wconf 87' lang='lat' dir='ltr'><strong>Videri</strong></span> <span class='ocrx_word' id='word_1_32' title='bbox 573 738 733 801; x_wconf 80' lang='lat' dir='ltr'><strong>fecisse.</strong></span> <span class='ocrx_word' id='word_1_33' title='bbox 780 741 823 800; x_wconf 85' lang='lat' dir='ltr'><strong>T.</strong></span> <span class='ocrx_word' id='word_1_34' title='bbox 849 739 1034 818; x_wconf 74' lang='lat' dir='ltr'><strong>Torquatus</strong></span> <span class='ocrx_word' id='word_1_35' title='bbox 1057 737 1292 816; x_wconf 76' lang='lat' dir='ltr'><strong>pronuntiavit:</strong></span> <span class='ocrx_word' id='word_1_36' title='bbox 1327 736 1415 798; x_wconf 90' lang='lat' dir='ltr'><strong>Non</strong></span> <span class='ocrx_word' id='word_1_37' title='bbox 1438 733 1601 796; x_wconf 72' lang='lat' dir='ltr'><strong>talenti·</strong></span> 
     </span>
     <span class='ocr_line' id='line_1_6' title="bbox 319 817 1601 901; baseline -0.004 -21"><span class='ocrx_word' id='word_1_38' title='bbox 319 822 404 883; x_wconf 87' lang='lat' dir='ltr'><strong>deri</strong></span> <span class='ocrx_word' id='word_1_39' title='bbox 420 819 550 883; x_wconf 78' lang='lat' dir='ltr'><strong>luisse</strong></span> <span class='ocrx_word' id='word_1_40' title='bbox 566 823 604 883; x_wconf 88' lang='lat' dir='ltr'><strong>in</strong></span> <span class='ocrx_word' id='word_1_41' title='bbox 620 820 792 901; x_wconf 84' lang='lat' dir='ltr'><strong>imperio</strong></span> <span class='ocrx_word' id='word_1_42' title='bbox 815 819 961 892; x_wconf 83' lang='lat' dir='ltr'><strong>lilium,</strong></span> <span class='ocrx_word' id='word_1_43' title='bbox 987 823 1125 901; x_wconf 80' lang='lat' dir='ltr'><strong>quales</strong></span> <span class='ocrx_word' id='word_1_44' title='bbox 1146 821 1230 883; x_wconf 87' lang='lat' dir='ltr'><strong>eius</strong></span> <span class='ocrx_word' id='word_1_45' title='bbox 1252 820 1430 881; x_wconf 28' lang='lat' dir='ltr'><strong>tunsiones</strong></span> <span class='ocrx_word' id='word_1_46' title='bbox 1449 817 1601 879; x_wconf 76' lang='lat' dir='ltr'><strong>luissent.</strong></span> 
     </span>
     <span class='ocr_line' id='line_1_7' title="bbox 316 892 1638 978; baseline -0.003 -15"><span class='ocrx_word' id='word_1_47' title='bbox 316 904 355 964; x_wconf 88' lang='lat' dir='ltr'><strong>de</strong></span> <span class='ocrx_word' id='word_1_48' title='bbox 377 904 472 966; x_wconf 78' lang='lat' dir='ltr'><strong>Fine.</strong></span> <span class='ocrx_word' id='word_1_49' title='bbox 496 907 532 978; x_wconf 92' lang='lat'><strong>1,</strong></span> <span class='ocrx_word' id='word_1_50' title='bbox 559 908 596 977; x_wconf 95' lang='grc'><strong>7,</strong></span> <span class='ocrx_word' id='word_1_51' title='bbox 622 905 675 966; x_wconf 78' lang='lat' dir='ltr'><strong>tt.</strong></span> <span class='ocrx_word' id='word_1_52' title='bbox 699 934 740 946; x_wconf 88' lang='lat'><em>-</em></span> <span class='ocrx_word' id='word_1_53' title='bbox 763 905 841 964; x_wconf 88' lang='lat' dir='ltr'><strong>Vid.</strong></span> <span class='ocrx_word' id='word_1_54' title='bbox 866 905 1029 965; x_wconf 79' lang='lat' dir='ltr'><strong>Feeisee</strong></span> <span class='ocrx_word' id='word_1_55' title='bbox 1051 903 1198 964; x_wconf 84' lang='lat' dir='ltr'><strong>videri.</strong></span> <span class='ocrx_word' id='word_1_56' title='bbox 1280 938 1287 947; x_wconf 91' lang='lat'><strong>·</strong></span> <span class='ocrx_word' id='word_1_57' title='bbox 1637 892 1638 959; x_wconf 89' lang='lat' dir='ltr'><strong>l</strong></span> 
     </span>
    </p>

    <p class='ocr_par' dir='ltr' id='par_1_4' title="bbox 402 966 1639 1065">
     <span class='ocr_line' id='line_1_8' title="bbox 402 966 1639 1065; baseline -0.004 -18"><span class='ocrx_word' id='word_1_58' title='bbox 402 987 453 1048; x_wconf 92' lang='lat' dir='ltr'><strong>Vi</strong></span> <span class='ocrx_word' id='word_1_59' title='bbox 476 989 711 1048; x_wconf 83' lang='lat' dir='ltr'><strong>detrudere.</strong></span> <span class='ocrx_word' id='word_1_60' title='bbox 744 1007 805 1065; x_wconf 87' lang='lat' dir='ltr'><strong>pro</strong></span> <span class='ocrx_word' id='word_1_61' title='bbox 830 987 938 1048; x_wconf 82' lang='lat' dir='ltr'><strong>&#39;l&#39;ullio</strong></span> <span class='ocrx_word' id='word_1_62' title='bbox 961 986 1014 1048; x_wconf 83' lang='lat'><strong>29.</strong></span> <span class='ocrx_word' id='word_1_63' title='bbox 1060 986 1110 1049; x_wconf 90' lang='lat' dir='ltr'><strong>Vi</strong></span> <span class='ocrx_word' id='word_1_64' title='bbox 1134 985 1325 1047; x_wconf 82' lang='lat' dir='ltr'><strong>deiicere.</strong></span> <span class='ocrx_word' id='word_1_65' title='bbox 1371 983 1455 1046; x_wconf 81' lang='lat' dir='ltr'><strong>ibid.</strong></span> <span class='ocrx_word' id='word_1_66' title='bbox 1476 984 1525 1043; x_wconf 76' lang='grc'><strong>11.</strong></span> <span class='ocrx_word' id='word_1_67' title='bbox 1637 966 1639 1051; x_wconf 80' lang='lat' dir='ltr'><strong>l</strong></span> 
     </span>
    </p>

    <p class='ocr_par' dir='ltr' id='par_1_5' title="bbox 353 1064 1638 1151">
     <span class='ocr_line' id='line_1_9' title="bbox 353 1064 1638 1151; baseline -0.001 -24"><span class='ocrx_word' id='word_1_68' title='bbox 353 1068 358 1073; x_wconf 85' lang='lat'>&#39;</span> <span class='ocrx_word' id='word_1_69' title='bbox 403 1068 455 1128; x_wconf 91' lang='lat' dir='ltr'><strong>Vi</strong></span> <span class='ocrx_word' id='word_1_70' title='bbox 478 1070 839 1132; x_wconf 83' lang='lat' dir='ltr'><strong>detrudi-desaltu</strong></span> <span class='ocrx_word' id='word_1_71' title='bbox 862 1089 1058 1151; x_wconf 76' lang='lat' dir='ltr'><strong>agre-qne.</strong></span> <span class='ocrx_word' id='word_1_72' title='bbox 1093 1088 1156 1148; x_wconf 79' lang='lat' dir='ltr'><strong>pre</strong></span> <span class='ocrx_word' id='word_1_73' title='bbox 1178 1067 1389 1145; x_wconf 72' lang='lat' dir='ltr'><strong>Quinctiano,</strong></span> <span class='ocrx_word' id='word_1_74' title='bbox 1413 1066 1468 1127; x_wconf 81' lang='grc'><strong>28.</strong></span> <span class='ocrx_word' id='word_1_75' title='bbox 1637 1064 1638 1139; x_wconf 78' lang='lat' dir='ltr'><strong>l</strong></span> 
     </span>
    </p>

    <p class='ocr_par' dir='ltr' id='par_1_6' title="bbox 317 1146 1639 1563">
     <span class='ocr_line' id='line_1_10' title="bbox 403 1146 1638 1245; baseline -0.002 -34"><span class='ocrx_word' id='word_1_76' title='bbox 403 1151 630 1213; x_wconf 82' lang='lat' dir='ltr'><strong>Videturne</strong></span> <span class='ocrx_word' id='word_1_77' title='bbox 654 1151 693 1217; x_wconf 71' lang='lat' dir='ltr'><strong>si</strong></span> <span class='ocrx_word' id='word_1_78' title='bbox 715 1152 944 1212; x_wconf 79' lang='lat' dir='ltr'><strong>hominibus</strong></span> <span class='ocrx_word' id='word_1_79' title='bbox 965 1164 1028 1213; x_wconf 87' lang='lat' dir='ltr'><strong>eat.</strong></span> <span class='ocrx_word' id='word_1_80' title='bbox 1063 1150 1316 1215; x_wconf 67' lang='lat' dir='ltr'><strong>cuntunin&#39;m</strong></span> <span class='ocrx_word' id='word_1_81' title='bbox 1334 1150 1499 1222; x_wconf 82' lang='lat' dir='ltr'><strong>itadaret,</strong></span> <span class='ocrx_word' id='word_1_82' title='bbox 1519 1146 1606 1209; x_wconf 86' lang='lat' dir='ltr'><strong>ntboc</strong></span> <span class='ocrx_word' id='word_1_83' title='bbox 1637 1150 1638 1245; x_wconf 57' lang='lat' dir='ltr'><strong>l</strong></span> 
     </span>
     <span class='ocr_line' id='line_1_11' title="bbox 319 1230 1639 1307; baseline -0.001 -11"><span class='ocrx_word' id='word_1_84' title='bbox 319 1233 422 1296; x_wconf 73' lang='lat' dir='ltr'><strong>selum</strong></span> <span class='ocrx_word' id='word_1_85' title='bbox 444 1234 475 1295; x_wconf 86' lang='lat' dir='ltr'><strong>in</strong></span> <span class='ocrx_word' id='word_1_86' title='bbox 505 1234 652 1296; x_wconf 87' lang='lat' dir='ltr'><strong>iudieiutu</strong></span> <span class='ocrx_word' id='word_1_87' title='bbox 683 1236 826 1307; x_wconf 79' lang='lat' dir='ltr'><strong>reniret,</strong></span> <span class='ocrx_word' id='word_1_88' title='bbox 864 1235 1124 1296; x_wconf 76' lang='lat' dir='ltr'>videreturne</span> <span class='ocrx_word' id='word_1_89' title='bbox 1154 1233 1192 1296; x_wconf 84' lang='lat' dir='ltr'><strong>vi</strong></span> <span class='ocrx_word' id='word_1_90' title='bbox 1223 1234 1454 1295; x_wconf 82' lang='lat' dir='ltr'><strong>hominibus</strong></span> <span class='ocrx_word' id='word_1_91' title='bbox 1483 1230 1606 1293; x_wconf 78' lang='lat' dir='ltr'><strong>enectis</strong></span> <span class='ocrx_word' id='word_1_92' title='bbox 1637 1254 1639 1295; x_wconf 85' lang='lat' dir='ltr'><strong>l</strong></span> 
     </span>
     <span class='ocr_line' id='line_1_12' title="bbox 319 1310 1607 1397; baseline -0.004 -21"><span class='ocrx_word' id='word_1_93' title='bbox 319 1318 535 1377; x_wconf 79' lang='lat' dir='ltr'>armatisve</span> <span class='ocrx_word' id='word_1_94' title='bbox 564 1320 741 1379; x_wconf 83' lang='lat' dir='ltr'><strong>damnum</strong></span> <span class='ocrx_word' id='word_1_95' title='bbox 773 1310 865 1378; x_wconf 92' lang='lat' dir='ltr'><strong>dole</strong></span> <span class='ocrx_word' id='word_1_96' title='bbox 900 1318 1002 1380; x_wconf 80' lang='lat' dir='ltr'><strong>analo</strong></span> <span class='ocrx_word' id='word_1_97' title='bbox 1033 1317 1209 1379; x_wconf 75' lang='lat' dir='ltr'><strong>familiae</strong></span> <span class='ocrx_word' id='word_1_98' title='bbox 1241 1319 1391 1388; x_wconf 69' lang='lat' dir='ltr'><strong>daturin,</strong></span> <span class='ocrx_word' id='word_1_99' title='bbox 1426 1336 1526 1397; x_wconf 89' lang='lat' dir='ltr'><strong>nsque</strong></span> <span class='ocrx_word' id='word_1_100' title='bbox 1550 1313 1607 1377; x_wconf 85' lang='lat' dir='ltr'><strong>illul</strong></span> 
     </span>
     <span class='ocr_line' id='line_1_13' title="bbox 318 1399 1638 1483; baseline -0.002 -25"><span class='ocrx_word' id='word_1_101' title='bbox 318 1400 467 1459; x_wconf 85' lang='lat' dir='ltr'><strong>adderet:</strong></span> <span class='ocrx_word' id='word_1_102' title='bbox 502 1399 675 1473; x_wconf 76' lang='lat' dir='ltr'><strong>Iniuria,</strong></span> <span class='ocrx_word' id='word_1_103' title='bbox 711 1400 834 1479; x_wconf 81' lang='lat' dir='ltr'><strong>putavit</strong></span> <span class='ocrx_word' id='word_1_104' title='bbox 857 1421 891 1461; x_wconf 84' lang='lat' dir='ltr'><strong>se</strong></span> <span class='ocrx_word' id='word_1_105' title='bbox 917 1400 1076 1462; x_wconf 79' lang='lat' dir='ltr'><strong>audaciam</strong></span> <span class='ocrx_word' id='word_1_106' title='bbox 1097 1401 1321 1480; x_wconf 81' lang='lat' dir='ltr'><strong>improborum</strong></span> <span class='ocrx_word' id='word_1_107' title='bbox 1348 1399 1528 1470; x_wconf 65' lang='lat' dir='ltr'><strong>antetulisse,</strong></span> <span class='ocrx_word' id='word_1_108' title='bbox 1557 1417 1606 1456; x_wconf 86' lang='lat' dir='ltr'><strong>eun</strong></span> <span class='ocrx_word' id='word_1_109' title='bbox 1637 1430 1638 1483; x_wconf 69' lang='lat'>3</span> 
     </span>
     <span class='ocr_line' id='line_1_14' title="bbox 317 1480 1427 1563; baseline 0.003 -23"><span class='ocrx_word' id='word_1_110' title='bbox 317 1500 406 1561; x_wconf 84' lang='lat' dir='ltr'><strong>apere</strong></span> <span class='ocrx_word' id='word_1_111' title='bbox 430 1480 623 1545; x_wconf 84' lang='lat' dir='ltr'><strong>defensionis</strong></span> <span class='ocrx_word' id='word_1_112' title='bbox 644 1482 759 1543; x_wconf 81' lang='lat' dir='ltr'><strong>nullam</strong></span> <span class='ocrx_word' id='word_1_113' title='bbox 783 1481 976 1563; x_wconf 75' lang='lat' dir='ltr'><strong>reliquisset.</strong></span> <span class='ocrx_word' id='word_1_114' title='bbox 1008 1504 1069 1563; x_wconf 87' lang='lat' dir='ltr'><strong>pre</strong></span> <span class='ocrx_word' id='word_1_115' title='bbox 1093 1484 1201 1546; x_wconf 77' lang='lat' dir='ltr'><strong>&#39;fultio</strong></span> <span class='ocrx_word' id='word_1_116' title='bbox 1227 1484 1278 1546; x_wconf 89' lang='lat'><strong>12.</strong></span> <span class='ocrx_word' id='word_1_117' title='bbox 1328 1528 1332 1539; x_wconf 90' lang='lat'><strong>.</strong></span> <span class='ocrx_word' id='word_1_118' title='bbox 1423 1538 1427 1543; x_wconf 86' lang='lat'><strong>.</strong></span> 
     </span>
    </p>

    <p class='ocr_par' dir='ltr' id='par_1_7' title="bbox 403 1563 1638 1644">
     <span class='ocr_line' id='line_1_15' title="bbox 403 1563 1638 1644; baseline 0.002 -19"><span class='ocrx_word' id='word_1_119' title='bbox 403 1565 455 1626; x_wconf 95' lang='lat' dir='ltr'><strong>Vi</strong></span> <span class='ocrx_word' id='word_1_120' title='bbox 477 1563 602 1626; x_wconf 85' lang='lat' dir='ltr'><strong>eiecti</strong></span> <span class='ocrx_word' id='word_1_121' title='bbox 627 1577 834 1644; x_wconf 82' lang='lat' dir='ltr'><strong>opponuntur</strong></span> <span class='ocrx_word' id='word_1_122' title='bbox 856 1568 1081 1629; x_wconf 80' lang='lat' dir='ltr'><strong>exsulibus.</strong></span> <span class='ocrx_word' id='word_1_123' title='bbox 1118 1570 1158 1628; x_wconf 86' lang='lat' dir='ltr'><strong>ad</strong></span> <span class='ocrx_word' id='word_1_124' title='bbox 1180 1568 1265 1628; x_wconf 86' lang='lat' dir='ltr'><strong>Her.</strong></span> <span class='ocrx_word' id='word_1_125' title='bbox 1288 1568 1328 1639; x_wconf 88' lang='lat'><strong>2,</strong></span> <span class='ocrx_word' id='word_1_126' title='bbox 1351 1567 1409 1639; x_wconf 82' lang='lat'><strong>28,</strong></span> <span class='ocrx_word' id='word_1_127' title='bbox 1434 1567 1489 1628; x_wconf 72' lang='lat' dir='ltr'><strong>te.</strong></span> <span class='ocrx_word' id='word_1_128' title='bbox 1637 1624 1638 1643; x_wconf 37' lang='lat'><em>2</em></span> 
     </span>
    </p>

    <p class='ocr_par' dir='ltr' id='par_1_8' title="bbox 402 1646 1638 1731">
     <span class='ocr_line' id='line_1_16' title="bbox 402 1646 1638 1731; baseline 0.002 -23"><span class='ocrx_word' id='word_1_129' title='bbox 402 1647 455 1709; x_wconf 93' lang='lat' dir='ltr'><strong>Vi</strong></span> <span class='ocrx_word' id='word_1_130' title='bbox 477 1649 705 1710; x_wconf 78' lang='lat' dir='ltr'><strong>horninibus</strong></span> <span class='ocrx_word' id='word_1_131' title='bbox 728 1650 907 1711; x_wconf 84' lang='lat' dir='ltr'><strong>armatis.</strong></span> <span class='ocrx_word' id='word_1_132' title='bbox 954 1651 1209 1721; x_wconf 82' lang='lat' dir='ltr'><strong>Postulabirnus,</strong></span> <span class='ocrx_word' id='word_1_133' title='bbox 1236 1647 1348 1723; x_wconf 87' lang='lat' dir='ltr'><strong>Cassi,</strong></span> <span class='ocrx_word' id='word_1_134' title='bbox 1371 1670 1414 1711; x_wconf 83' lang='lat' dir='ltr'><strong>ex</strong></span> <span class='ocrx_word' id='word_1_135' title='bbox 1433 1668 1494 1729; x_wconf 84' lang='lat' dir='ltr'><strong>qua</strong></span> <span class='ocrx_word' id='word_1_136' title='bbox 1512 1648 1608 1731; x_wconf 58' lang='lat' dir='ltr'><strong>ataine</strong></span> <span class='ocrx_word' id='word_1_137' title='bbox 1637 1646 1638 1691; x_wconf 54' lang='grc' dir='ltr'><strong>ἶ</strong></span> 
     </span>
    </p>
   </div>
   <div class='ocr_carea' id='block_1_3' title="bbox 208 1724 1609 1804">
    <p class='ocr_par' dir='ltr' id='par_1_9' title="bbox 208 1724 1609 1804">
     <span class='ocr_line' id='line_1_17' title="bbox 208 1724 1609 1804; baseline 0.001 -14"><span class='ocrx_word' id='word_1_138' title='bbox 208 1724 211 1731; x_wconf 55' lang='grc'>“</span> <span class='ocrx_word' id='word_1_139' title='bbox 317 1728 369 1791; x_wconf 91' lang='lat' dir='ltr'><strong>Vi</strong></span> <span class='ocrx_word' id='word_1_140' title='bbox 390 1730 623 1798; x_wconf 76' lang='lat' dir='ltr'><strong>hominibus</strong></span> <span class='ocrx_word' id='word_1_141' title='bbox 643 1732 829 1792; x_wconf 87' lang='lat' dir='ltr'><strong>deiectus</strong></span> <span class='ocrx_word' id='word_1_142' title='bbox 850 1733 921 1804; x_wconf 82' lang='lat' dir='ltr'><strong>eis,</strong></span> <span class='ocrx_word' id='word_1_143' title='bbox 947 1734 984 1793; x_wconf 81' lang='grc' dir='ltr'><strong>ἰι</strong></span> <span class='ocrx_word' id='word_1_144' title='bbox 1005 1754 1088 1795; x_wconf 73' lang='lat' dir='ltr'><strong>earn</strong></span> <span class='ocrx_word' id='word_1_145' title='bbox 1112 1732 1352 1796; x_wconf 80' lang='lat' dir='ltr'><strong>restituere.</strong></span> <span class='ocrx_word' id='word_1_146' title='bbox 1396 1733 1434 1795; x_wconf 86' lang='lat' dir='ltr'><strong>ln</strong></span> <span class='ocrx_word' id='word_1_147' title='bbox 1456 1735 1518 1795; x_wconf 85' lang='lat' dir='ltr'><strong>hoe</strong></span> <span class='ocrx_word' id='word_1_148' title='bbox 1537 1730 1609 1795; x_wconf 77' lang='lat' dir='ltr'><strong>inrer-</strong></span> 
     </span>
    </p>
   </div>
   <div class='ocr_carea' id='block_1_4' title="bbox 316 1810 1607 1890">
    <p class='ocr_par' dir='ltr' id='par_1_10' title="bbox 316 1810 1607 1890">
     <span class='ocr_line' id='line_1_18' title="bbox 316 1810 1607 1890; baseline 0.002 -18"><span class='ocrx_word' id='word_1_149' title='bbox 316 1810 402 1872; x_wconf 77' lang='lat' dir='ltr'><strong>diete</strong></span> <span class='ocrx_word' id='word_1_150' title='bbox 424 1815 591 1875; x_wconf 80' lang='lat' dir='ltr'><strong>nonaelet</strong></span> <span class='ocrx_word' id='word_1_151' title='bbox 614 1815 685 1875; x_wconf 89' lang='lat' dir='ltr'><strong>addi</strong></span> <span class='ocrx_word' id='word_1_152' title='bbox 708 1814 745 1875; x_wconf 90' lang='lat' dir='ltr'><strong>in</strong></span> <span class='ocrx_word' id='word_1_153' title='bbox 766 1817 841 1875; x_wconf 86' lang='lat' dir='ltr'><strong>boe</strong></span> <span class='ocrx_word' id='word_1_154' title='bbox 864 1836 978 1878; x_wconf 86' lang='lat' dir='ltr'><strong>anne.</strong></span> <span class='ocrx_word' id='word_1_155' title='bbox 1013 1820 1051 1877; x_wconf 89' lang='lat' dir='ltr'><strong>ad</strong></span> <span class='ocrx_word' id='word_1_156' title='bbox 1076 1818 1166 1880; x_wconf 64' lang='lat' dir='ltr'><strong>Fauni</strong></span> <span class='ocrx_word' id='word_1_157' title='bbox 1189 1818 1252 1888; x_wconf 78' lang='lat' dir='ltr'><strong>tt,</strong></span> <span class='ocrx_word' id='word_1_158' title='bbox 1277 1818 1337 1890; x_wconf 83' lang='grc'><strong>11,</strong></span> <span class='ocrx_word' id='word_1_159' title='bbox 1360 1816 1393 1877; x_wconf 83' lang='grc'><strong>3.</strong></span> <span class='ocrx_word' id='word_1_160' title='bbox 1427 1848 1468 1863; x_wconf 87' lang='lat'>-</span> <span class='ocrx_word' id='word_1_161' title='bbox 1498 1813 1607 1876; x_wconf 79' lang='lat' dir='ltr'><strong>Vile</strong></span> 
     </span>
    </p>
   </div>
   <div class='ocr_carea' id='block_1_5' title="bbox 312 1894 1611 2461">
    <p class='ocr_par' dir='ltr' id='par_1_11' title="bbox 312 1894 1611 2461">
     <span class='ocr_line' id='line_1_19' title="bbox 315 1894 1608 1979; baseline 0.003 -26"><span class='ocrx_word' id='word_1_162' title='bbox 315 1894 489 1957; x_wconf 78' lang='lat' dir='ltr'><strong>minibus</strong></span> <span class='ocrx_word' id='word_1_163' title='bbox 511 1898 678 1959; x_wconf 85' lang='lat' dir='ltr'><strong>armatis</strong></span> <span class='ocrx_word' id='word_1_164' title='bbox 703 1897 929 1959; x_wconf 85' lang='lat' dir='ltr'><strong>coactisve.</strong></span> <span class='ocrx_word' id='word_1_165' title='bbox 967 1920 1027 1978; x_wconf 84' lang='lat' dir='ltr'><strong>pre</strong></span> <span class='ocrx_word' id='word_1_166' title='bbox 1056 1900 1227 1973; x_wconf 78' lang='lat' dir='ltr'><strong>t&#39;utliot,</strong></span> <span class='ocrx_word' id='word_1_167' title='bbox 1254 1899 1305 1960; x_wconf 88' lang='lat'><strong>12.</strong></span> <span class='ocrx_word' id='word_1_168' title='bbox 1342 1920 1405 1979; x_wconf 80' lang='lat' dir='ltr'><strong>pne</strong></span> <span class='ocrx_word' id='word_1_169' title='bbox 1432 1897 1563 1961; x_wconf 81' lang='lat' dir='ltr'><strong>Caecina</strong></span> <span class='ocrx_word' id='word_1_170' title='bbox 1581 1896 1608 1968; x_wconf 81' lang='grc'><strong>1,</strong></span> 
     </span>
     <span class='ocr_line' id='line_1_20' title="bbox 315 1976 1608 2072; baseline 0.001 -35"><span class='ocrx_word' id='word_1_171' title='bbox 315 1976 369 2072; x_wconf 70' lang='lat'><strong>23.</strong></span> <span class='ocrx_word' id='word_1_172' title='bbox 405 2011 438 2022; x_wconf 93' lang='lat'><em>-</em></span> <span class='ocrx_word' id='word_1_173' title='bbox 488 1980 729 2042; x_wconf 84' lang='lat' dir='ltr'><strong>Hominibus</strong></span> <span class='ocrx_word' id='word_1_174' title='bbox 763 1980 920 2042; x_wconf 87' lang='lat' dir='ltr'><strong>eeaetis</strong></span> <span class='ocrx_word' id='word_1_175' title='bbox 949 1984 1186 2045; x_wconf 72' lang='lat' dir='ltr'><strong>arinatisve.</strong></span> <span class='ocrx_word' id='word_1_176' title='bbox 1230 1982 1316 2045; x_wconf 81' lang='lat' dir='ltr'><strong>[bid.</strong></span> <span class='ocrx_word' id='word_1_177' title='bbox 1351 1982 1410 2057; x_wconf 74' lang='lat'><strong>21⁹,</strong></span> <span class='ocrx_word' id='word_1_178' title='bbox 1444 1983 1485 2047; x_wconf 76' lang='lat'><strong>59</strong></span> <span class='ocrx_word' id='word_1_179' title='bbox 1517 1993 1546 2042; x_wconf 85' lang='lat' dir='ltr'><strong>et</strong></span> <span class='ocrx_word' id='word_1_180' title='bbox 1572 1980 1608 2039; x_wconf 87' lang='grc'><strong>11.</strong></span> 
     </span>
     <span class='ocr_line' id='line_1_21' title="bbox 314 2059 1610 2229; baseline -0.001 -24"><span class='ocrx_word' id='word_1_181' title='bbox 314 2059 561 2205; x_wconf 43' lang='grc' dir='ltr'><strong>ω’931411ι9ι1ι.</strong></span> <span class='ocrx_word' id='word_1_182' title='bbox 580 2094 718 2207; x_wconf 78' lang='lat' dir='ltr'><strong>bonaur</strong></span> <span class='ocrx_word' id='word_1_183' title='bbox 748 2114 930 2226; x_wconf 85' lang='lat' dir='ltr'><strong>beneque</strong></span> <span class='ocrx_word' id='word_1_184' title='bbox 953 2138 1208 2211; x_wconf 75' lang='lat' dir='ltr'><strong>aedificatam</strong></span> <span class='ocrx_word' id='word_1_185' title='bbox 1232 2106 1289 2229; x_wconf 82' lang='lat' dir='ltr'><strong>qiii</strong></span> <span class='ocrx_word' id='word_1_186' title='bbox 1309 2148 1536 2228; x_wconf 81' lang='lat' dir='ltr'><strong>proscribunt,</strong></span> <span class='ocrx_word' id='word_1_187' title='bbox 1564 2165 1610 2206; x_wconf 82' lang='lat' dir='ltr'><strong>nna</strong></span> 
     </span>
     <span class='ocr_line' id='line_1_22' title="bbox 312 2225 1609 2299; baseline 0.001 -13"><span class='ocrx_word' id='word_1_188' title='bbox 312 2225 534 2288; x_wconf 83' lang='lat' dir='ltr'><strong>existimantur</strong></span> <span class='ocrx_word' id='word_1_189' title='bbox 553 2228 722 2299; x_wconf 72' lang='lat' dir='ltr'><strong>fefellisse,</strong></span> <span class='ocrx_word' id='word_1_190' title='bbox 749 2227 840 2289; x_wconf 77' lang='lat' dir='ltr'><strong>etiarn</strong></span> <span class='ocrx_word' id='word_1_191' title='bbox 859 2228 886 2289; x_wconf 81' lang='lat' dir='ltr'><strong>ni</strong></span> <span class='ocrx_word' id='word_1_192' title='bbox 907 2227 961 2289; x_wconf 88' lang='lat' dir='ltr'><strong>illa</strong></span> <span class='ocrx_word' id='word_1_193' title='bbox 980 2250 1039 2292; x_wconf 86' lang='lat' dir='ltr'><strong>nee</strong></span> <span class='ocrx_word' id='word_1_194' title='bbox 1059 2233 1143 2293; x_wconf 87' lang='lat' dir='ltr'><strong>bena</strong></span> <span class='ocrx_word' id='word_1_195' title='bbox 1163 2243 1214 2293; x_wconf 89' lang='lat' dir='ltr'><strong>eat</strong></span> <span class='ocrx_word' id='word_1_196' title='bbox 1230 2253 1291 2294; x_wconf 87' lang='lat' dir='ltr'><strong>nee</strong></span> <span class='ocrx_word' id='word_1_197' title='bbox 1311 2232 1477 2295; x_wconf 76' lang='lat' dir='ltr'><strong>aedificata</strong></span> <span class='ocrx_word' id='word_1_198' title='bbox 1498 2229 1609 2293; x_wconf 82' lang='lat' dir='ltr'><strong>ratione.</strong></span> 
     </span>
     <span class='ocr_line' id='line_1_23' title="bbox 313 2310 1611 2461; baseline 0.002 -6"><span class='ocrx_word' id='word_1_199' title='bbox 313 2310 352 2372; x_wconf 56' lang='lat' dir='ltr'><strong>de</strong></span> <span class='ocrx_word' id='word_1_200' title='bbox 376 2310 668 2456; x_wconf 59' lang='lat' dir='ltr'><strong>OViri’fiiieriebi</strong></span> <span class='ocrx_word' id='word_1_201' title='bbox 708 2394 759 2455; x_wconf 81' lang='lat' dir='ltr'><strong>Te</strong></span> <span class='ocrx_word' id='word_1_202' title='bbox 785 2394 873 2456; x_wconf 82' lang='lat' dir='ltr'><strong>seles</strong></span> <span class='ocrx_word' id='word_1_203' title='bbox 902 2400 941 2456; x_wconf 87' lang='lat' dir='ltr'><strong>ad</strong></span> <span class='ocrx_word' id='word_1_204' title='bbox 975 2396 1050 2457; x_wconf 77' lang='lat' dir='ltr'><strong>nina</strong></span> <span class='ocrx_word' id='word_1_205' title='bbox 1079 2396 1304 2459; x_wconf 80' lang='lat' dir='ltr'><strong>faciundam</strong></span> <span class='ocrx_word' id='word_1_206' title='bbox 1330 2397 1476 2461; x_wconf 80' lang='lat' dir='ltr'><strong>adbiberi</strong></span> <span class='ocrx_word' id='word_1_207' title='bbox 1502 2408 1559 2461; x_wconf 82' lang='lat' dir='ltr'><strong>eet.</strong></span> <span class='ocrx_word' id='word_1_208' title='bbox 1584 2393 1611 2454; x_wconf 88' lang='lat' dir='ltr'><strong>al</strong></span> 
     </span>
    </p>
   </div>
   <div class='ocr_carea' id='block_1_6' title="bbox 200 2474 1088 2559">
    <p class='ocr_par' dir='ltr' id='par_1_12' title="bbox 200 2474 1088 2559">
     <span class='ocr_line' id='line_1_24' title="bbox 200 2474 1088 2559; baseline 0.006 -23"><span class='ocrx_word' id='word_1_209' title='bbox 200 2533 211 2545; x_wconf 78' lang='grc'><strong>,</strong></span> <span class='ocrx_word' id='word_1_210' title='bbox 314 2474 407 2537; x_wconf 80' lang='lat' dir='ltr'><strong>Fam.</strong></span> <span class='ocrx_word' id='word_1_211' title='bbox 432 2478 468 2550; x_wconf 89' lang='grc'><strong>7,</strong></span> <span class='ocrx_word' id='word_1_212' title='bbox 495 2478 550 2552; x_wconf 86' lang='grc'><strong>13,</strong></span> <span class='ocrx_word' id='word_1_213' title='bbox 576 2479 606 2542; x_wconf 98' lang='grc'><strong>2.</strong></span> <span class='ocrx_word' id='word_1_214' title='bbox 650 2477 737 2539; x_wconf 83' lang='lat' dir='ltr'><strong>Vide</strong></span> <span class='ocrx_word' id='word_1_215' title='bbox 760 2478 874 2555; x_wconf 81' lang='lat' dir='ltr'><strong>Quod</strong></span> <span class='ocrx_word' id='word_1_216' title='bbox 897 2491 937 2539; x_wconf 83' lang='lat' dir='ltr'><strong>tu</strong></span> <span class='ocrx_word' id='word_1_217' title='bbox 959 2480 1088 2559; x_wconf 87' lang='lat' dir='ltr'><strong>prior.</strong></span> 
     </span>
    </p>
   </div>
   <div class='ocr_carea' id='block_1_7' title="bbox 313 2559 1638 3149">
    <p class='ocr_par' dir='ltr' id='par_1_13' title="bbox 313 2559 1638 3149">
     <span class='ocr_line' id='line_1_25' title="bbox 322 2559 940 2624; baseline 0.006 -5"><span class='ocrx_word' id='word_1_218' title='bbox 322 2578 327 2601; x_wconf 80' lang='lat'><em>=</em></span> <span class='ocrx_word' id='word_1_219' title='bbox 397 2559 569 2622; x_wconf 83' lang='lat' dir='ltr'><strong>Vindex.</strong></span> <span class='ocrx_word' id='word_1_220' title='bbox 614 2561 700 2624; x_wconf 91' lang='lat' dir='ltr'><strong>Vide</strong></span> <span class='ocrx_word' id='word_1_221' title='bbox 726 2561 940 2623; x_wconf 86' lang='lat' dir='ltr'><strong>Assiduus.</strong></span> 
     </span>
     <span class='ocr_line' id='line_1_26' title="bbox 396 2641 1611 2727; baseline 0 -22"><span class='ocrx_word' id='word_1_222' title='bbox 396 2641 619 2706; x_wconf 71' lang='lat' dir='ltr'><strong>Vindicate</strong></span> <span class='ocrx_word' id='word_1_223' title='bbox 642 2646 678 2706; x_wconf 89' lang='lat' dir='ltr'><strong>in</strong></span> <span class='ocrx_word' id='word_1_224' title='bbox 702 2644 954 2705; x_wconf 81' lang='lat' dir='ltr'><strong>libertatern.</strong></span> <span class='ocrx_word' id='word_1_225' title='bbox 977 2647 1017 2705; x_wconf 87' lang='lat' dir='ltr'><strong>de</strong></span> <span class='ocrx_word' id='word_1_226' title='bbox 1035 2646 1118 2727; x_wconf 82' lang='lat' dir='ltr'><strong>Rep.</strong></span> <span class='ocrx_word' id='word_1_227' title='bbox 1138 2648 1175 2719; x_wconf 90' lang='lat'><strong>1,</strong></span> <span class='ocrx_word' id='word_1_228' title='bbox 1193 2646 1324 2719; x_wconf 83' lang='grc'><strong>32,.18.</strong></span> <span class='ocrx_word' id='word_1_229' title='bbox 1348 2677 1387 2691; x_wconf 88' lang='grc'><strong>·-</strong></span> <span class='ocrx_word' id='word_1_230' title='bbox 1412 2645 1611 2713; x_wconf 80' lang='lat' dir='ltr'><strong>Vindieare</strong></span> 
     </span>
     <span class='ocr_line' id='line_1_27' title="bbox 313 2722 1638 2809; baseline 0 -23"><span class='ocrx_word' id='word_1_231' title='bbox 313 2742 355 2786; x_wconf 79' lang='lat' dir='ltr'><strong>ee</strong></span> <span class='ocrx_word' id='word_1_232' title='bbox 377 2722 413 2786; x_wconf 90' lang='lat' dir='ltr'><strong>in</strong></span> <span class='ocrx_word' id='word_1_233' title='bbox 436 2726 683 2789; x_wconf 82' lang='lat' dir='ltr'><strong>libertatern.</strong></span> <span class='ocrx_word' id='word_1_234' title='bbox 719 2728 894 2809; x_wconf 54' lang='grc' dir='ltr'><strong>4Ἰῑηςιιιιιῃ</strong></span> <span class='ocrx_word' id='word_1_235' title='bbox 917 2749 952 2808; x_wconf 87' lang='lat' dir='ltr'><strong>p.</strong></span> <span class='ocrx_word' id='word_1_236' title='bbox 976 2730 1050 2789; x_wconf 78' lang='lat' dir='ltr'><strong>tte.</strong></span> <span class='ocrx_word' id='word_1_237' title='bbox 1221 2766 1225 2772; x_wconf 91' lang='lat'><em>-</em></span> <span class='ocrx_word' id='word_1_238' title='bbox 1397 2780 1401 2785; x_wconf 90' lang='lat'><strong>.</strong></span> <span class='ocrx_word' id='word_1_239' title='bbox 1637 2732 1638 2771; x_wconf 61' lang='lat' dir='ltr'><strong>l</strong></span> 
     </span>
     <span class='ocr_line' id='line_1_28' title="bbox 397 2806 1434 2890; baseline 0.007 -23"><span class='ocrx_word' id='word_1_240' title='bbox 397 2806 682 2870; x_wconf 78' lang='lat' dir='ltr'><strong>Vindiciaruur</strong></span> <span class='ocrx_word' id='word_1_241' title='bbox 707 2811 805 2871; x_wconf 85' lang='lat' dir='ltr'><strong>satis</strong></span> <span class='ocrx_word' id='word_1_242' title='bbox 829 2810 1027 2890; x_wconf 82' lang='lat' dir='ltr'><strong>accipere.</strong></span> <span class='ocrx_word' id='word_1_243' title='bbox 1072 2809 1158 2873; x_wconf 84' lang='lat' dir='ltr'><strong>Vide</strong></span> <span class='ocrx_word' id='word_1_244' title='bbox 1178 2813 1310 2885; x_wconf 76' lang='lat' dir='ltr'><strong>Penes</strong></span> <span class='ocrx_word' id='word_1_245' title='bbox 1330 2812 1434 2877; x_wconf 83' lang='lat' dir='ltr'><strong>litia.</strong></span> 
     </span>
     <span class='ocr_line' id='line_1_29' title="bbox 394 2888 971 2955; baseline 0.009 -5"><span class='ocrx_word' id='word_1_246' title='bbox 394 2888 607 2954; x_wconf 86' lang='lat' dir='ltr'><strong>Vindicta.</strong></span> <span class='ocrx_word' id='word_1_247' title='bbox 654 2891 739 2952; x_wconf 90' lang='lat' dir='ltr'><strong>Vide</strong></span> <span class='ocrx_word' id='word_1_248' title='bbox 763 2893 971 2955; x_wconf 83' lang='lat' dir='ltr'><strong>Libertas.</strong></span> 
     </span>
     <span class='ocr_line' id='line_1_30' title="bbox 396 2972 1638 3055; baseline 0.01 -21"><span class='ocrx_word' id='word_1_249' title='bbox 396 2972 629 3036; x_wconf 85' lang='lat' dir='ltr'><strong>Viravire</strong></span> <span class='ocrx_word' id='word_1_250' title='bbox 653 2974 795 3037; x_wconf 80' lang='lat' dir='ltr'><strong>lectus.</strong></span> <span class='ocrx_word' id='word_1_251' title='bbox 831 2997 893 3055; x_wconf 85' lang='lat' dir='ltr'><strong>pro</strong></span> <span class='ocrx_word' id='word_1_252' title='bbox 916 2978 992 3039; x_wconf 89' lang='lat' dir='ltr'><strong>Mil.</strong></span> <span class='ocrx_word' id='word_1_253' title='bbox 1017 2977 1075 3050; x_wconf 89' lang='grc'><strong>21,</strong></span> <span class='ocrx_word' id='word_1_254' title='bbox 1102 2979 1155 3039; x_wconf 73' lang='lat' dir='ltr'><strong>bd.</strong></span> <span class='ocrx_word' id='word_1_255' title='bbox 1266 3024 1271 3033; x_wconf 81' lang='lat'><strong>·</strong></span> <span class='ocrx_word' id='word_1_256' title='bbox 1637 3030 1638 3047; x_wconf 67' lang='grc'><strong>.</strong></span> 
     </span>
     <span class='ocr_line' id='line_1_31' title="bbox 397 3054 1638 3149; baseline 0.01 -34"><span class='ocrx_word' id='word_1_257' title='bbox 397 3054 526 3117; x_wconf 86' lang='lat' dir='ltr'><strong>Viroa</strong></span> <span class='ocrx_word' id='word_1_258' title='bbox 548 3076 710 3119; x_wconf 75' lang='lat' dir='ltr'><strong>noeane.</strong></span> <span class='ocrx_word' id='word_1_259' title='bbox 757 3058 845 3119; x_wconf 80' lang='lat' dir='ltr'><strong>Nulli</strong></span> <span class='ocrx_word' id='word_1_260' title='bbox 867 3060 957 3137; x_wconf 82' lang='lat' dir='ltr'><strong>(iarn)</strong></span> <span class='ocrx_word' id='word_1_261' title='bbox 980 3059 1059 3119; x_wconf 87' lang='lat' dir='ltr'><strong>viri</strong></span> <span class='ocrx_word' id='word_1_262' title='bbox 1082 3070 1298 3136; x_wconf 78' lang='lat' dir='ltr'><strong>arceantur,</strong></span> <span class='ocrx_word' id='word_1_263' title='bbox 1334 3083 1375 3123; x_wconf 83' lang='lat' dir='ltr'><strong>ex</strong></span> <span class='ocrx_word' id='word_1_264' title='bbox 1408 3084 1477 3144; x_wconf 87' lang='lat' dir='ltr'><strong>que</strong></span> <span class='ocrx_word' id='word_1_265' title='bbox 1505 3058 1638 3149; x_wconf 67' lang='lat' dir='ltr'><strong>inpnel</strong></span> 
     </span>
    </p>
   </div>
   <div class='ocr_carea' id='block_1_8' title="bbox 217 3133 1307 3217">
    <p class='ocr_par' dir='ltr' id='par_1_14' title="bbox 217 3133 1307 3217">
     <span class='ocr_line' id='line_1_32' title="bbox 217 3133 1307 3217; baseline 0.013 -23"><span class='ocrx_word' id='word_1_266' title='bbox 217 3133 222 3140; x_wconf 80' lang='grc'><strong>’</strong></span> <span class='ocrx_word' id='word_1_267' title='bbox 313 3134 418 3195; x_wconf 81' lang='lat' dir='ltr'><strong>cinctu</strong></span> <span class='ocrx_word' id='word_1_268' title='bbox 440 3148 625 3199; x_wconf 83' lang='lat' dir='ltr'><strong>testamenta</strong></span> <span class='ocrx_word' id='word_1_269' title='bbox 649 3137 827 3217; x_wconf 83' lang='lat' dir='ltr'><strong>perierunt.</strong></span> <span class='ocrx_word' id='word_1_270' title='bbox 850 3145 890 3204; x_wconf 90' lang='lat' dir='ltr'><strong>de</strong></span> <span class='ocrx_word' id='word_1_271' title='bbox 914 3144 958 3204; x_wconf 89' lang='lat' dir='ltr'><strong>N.</strong></span> <span class='ocrx_word' id='word_1_272' title='bbox 982 3142 1027 3203; x_wconf 89' lang='lat' dir='ltr'><strong>D.</strong></span> <span class='ocrx_word' id='word_1_273' title='bbox 1050 3141 1087 3214; x_wconf 94' lang='lat'><strong>2,</strong></span> <span class='ocrx_word' id='word_1_274' title='bbox 1112 3144 1151 3217; x_wconf 87' lang='grc'><strong>3,</strong></span> <span class='ocrx_word' id='word_1_275' title='bbox 1171 3144 1204 3206; x_wconf 73' lang='grc'><strong>’9.</strong></span> <span class='ocrx_word' id='word_1_276' title='bbox 1301 3199 1307 3213; x_wconf 87' lang='grc'><strong>,</strong></span> 
     </span>
    </p>
   </div>
   <div class='ocr_carea' id='block_1_9' title="bbox 261 3217 1638 4205">
    <p class='ocr_par' dir='ltr' id='par_1_15' title="bbox 311 3217 1638 3635">
     <span class='ocr_line' id='line_1_33' title="bbox 397 3217 1610 3311; baseline 0.016 -35"><span class='ocrx_word' id='word_1_277' title='bbox 397 3217 486 3278; x_wconf 78' lang='lat' dir='ltr'><strong>Via.</strong></span> <span class='ocrx_word' id='word_1_278' title='bbox 532 3220 569 3281; x_wconf 81' lang='lat' dir='ltr'><strong>si</strong></span> <span class='ocrx_word' id='word_1_279' title='bbox 588 3233 714 3300; x_wconf 79' lang='lat' dir='ltr'><strong>teinpus</strong></span> <span class='ocrx_word' id='word_1_280' title='bbox 728 3234 776 3283; x_wconf 87' lang='lat' dir='ltr'><strong>est</strong></span> <span class='ocrx_word' id='word_1_281' title='bbox 790 3225 888 3285; x_wconf 79' lang='lat' dir='ltr'><strong>ullaun</strong></span> <span class='ocrx_word' id='word_1_282' title='bbox 909 3226 978 3287; x_wconf 83' lang='lat' dir='ltr'><strong>iure</strong></span> <span class='ocrx_word' id='word_1_283' title='bbox 996 3226 1133 3287; x_wconf 83' lang='lat' dir='ltr'><strong>beminis</strong></span> <span class='ocrx_word' id='word_1_284' title='bbox 1153 3226 1301 3300; x_wconf 75' lang='lat' dir='ltr'><strong>uenandi,</strong></span> <span class='ocrx_word' id='word_1_285' title='bbox 1325 3232 1610 3311; x_wconf 63' lang='lat' dir='ltr'><strong>quaeritabam}</strong></span> 
     </span>
     <span class='ocr_line' id='line_1_34' title="bbox 311 3298 1638 3392; baseline 0.009 -33"><span class='ocrx_word' id='word_1_286' title='bbox 311 3309 408 3392; x_wconf 38' lang='lat' dir='ltr'><strong>certe·</strong></span> <span class='ocrx_word' id='word_1_287' title='bbox 425 3298 501 3362; x_wconf 90' lang='lat' dir='ltr'><strong>illud</strong></span> <span class='ocrx_word' id='word_1_288' title='bbox 525 3314 573 3362; x_wconf 88' lang='lat' dir='ltr'><strong>est</strong></span> <span class='ocrx_word' id='word_1_289' title='bbox 598 3323 662 3364; x_wconf 89' lang='lat' dir='ltr'><strong>non</strong></span> <span class='ocrx_word' id='word_1_290' title='bbox 688 3308 783 3366; x_wconf 88' lang='lat' dir='ltr'><strong>mede</strong></span> <span class='ocrx_word' id='word_1_291' title='bbox 813 3306 945 3380; x_wconf 62' lang='lat' dir='ltr'><strong>iustum,</strong></span> <span class='ocrx_word' id='word_1_292' title='bbox 980 3329 1087 3369; x_wconf 81' lang='lat' dir='ltr'><strong>verum</strong></span> <span class='ocrx_word' id='word_1_293' title='bbox 1111 3309 1205 3370; x_wconf 78' lang='lat' dir='ltr'><strong>etiarn</strong></span> <span class='ocrx_word' id='word_1_294' title='bbox 1230 3313 1465 3385; x_wconf 78' lang='lat' dir='ltr'><strong>necessarium,</strong></span> <span class='ocrx_word' id='word_1_295' title='bbox 1496 3332 1568 3376; x_wconf 79' lang='lat' dir='ltr'><strong>enm</strong></span> <span class='ocrx_word' id='word_1_296' title='bbox 1587 3309 1612 3370; x_wconf 78' lang='lat' dir='ltr'><strong>ni</strong></span> <span class='ocrx_word' id='word_1_297' title='bbox 1637 3336 1638 3347; x_wconf 55' lang='lat'>¹</span> 
     </span>
     <span class='ocr_line' id='line_1_35' title="bbox 313 3379 1638 3476; baseline 0.015 -35"><span class='ocrx_word' id='word_1_298' title='bbox 313 3379 377 3442; x_wconf 79' lang='lat' dir='ltr'><strong>vis</strong></span> <span class='ocrx_word' id='word_1_299' title='bbox 401 3382 517 3445; x_wconf 81' lang='lat' dir='ltr'><strong>illata</strong></span> <span class='ocrx_word' id='word_1_300' title='bbox 540 3386 792 3450; x_wconf 74' lang='lat' dir='ltr'><strong>detenditur.</strong></span> <span class='ocrx_word' id='word_1_301' title='bbox 814 3407 876 3469; x_wconf 86' lang='lat' dir='ltr'><strong>pre</strong></span> <span class='ocrx_word' id='word_1_302' title='bbox 899 3391 1025 3453; x_wconf 84' lang='lat' dir='ltr'><strong>Milone</strong></span> <span class='ocrx_word' id='word_1_303' title='bbox 1047 3394 1086 3463; x_wconf 83' lang='grc'><strong>1,</strong></span> <span class='ocrx_word' id='word_1_304' title='bbox 1111 3392 1143 3453; x_wconf 92' lang='grc'><strong>9.</strong></span> <span class='ocrx_word' id='word_1_305' title='bbox 1167 3392 1281 3455; x_wconf 73' lang='lat' dir='ltr'><strong>—Dr</strong></span> <span class='ocrx_word' id='word_1_306' title='bbox 1305 3394 1536 3474; x_wconf 82' lang='lat' dir='ltr'><strong>vi.quaes·itis;</strong></span> <span class='ocrx_word' id='word_1_307' title='bbox 1554 3413 1612 3476; x_wconf 76' lang='lat' dir='ltr'><strong>qnae</strong></span> <span class='ocrx_word' id='word_1_308' title='bbox 1637 3440 1638 3461; x_wconf 49' lang='lat'>1</span> 
     </span>
     <span class='ocr_line' id='line_1_36' title="bbox 311 3461 1638 3559; baseline 0.013 -37"><span class='ocrx_word' id='word_1_309' title='bbox 311 3461 366 3523; x_wconf 83' lang='lat' dir='ltr'><strong>lex</strong></span> <span class='ocrx_word' id='word_1_310' title='bbox 388 3466 545 3545; x_wconf 82' lang='lat' dir='ltr'><strong>(Lutetia)</strong></span> <span class='ocrx_word' id='word_1_311' title='bbox 568 3470 606 3529; x_wconf 88' lang='lat' dir='ltr'><strong>ad</strong></span> <span class='ocrx_word' id='word_1_312' title='bbox 628 3468 810 3549; x_wconf 82' lang='lat' dir='ltr'><strong>imperium,</strong></span> <span class='ocrx_word' id='word_1_313' title='bbox 845 3477 882 3534; x_wconf 89' lang='lat' dir='ltr'><strong>ad</strong></span> <span class='ocrx_word' id='word_1_314' title='bbox 909 3474 1116 3548; x_wconf 84' lang='lat' dir='ltr'><strong>maiestatem,</strong></span> <span class='ocrx_word' id='word_1_315' title='bbox 1146 3478 1185 3536; x_wconf 84' lang='lat' dir='ltr'><strong>nd</strong></span> <span class='ocrx_word' id='word_1_316' title='bbox 1208 3487 1323 3538; x_wconf 88' lang='lat' dir='ltr'><strong>statum</strong></span> <span class='ocrx_word' id='word_1_317' title='bbox 1350 3480 1468 3559; x_wconf 84' lang='lat' dir='ltr'><strong>pepuli</strong></span> <span class='ocrx_word' id='word_1_318' title='bbox 1486 3481 1567 3552; x_wconf 76' lang='lat' dir='ltr'><strong>Re,</strong></span> <span class='ocrx_word' id='word_1_319' title='bbox 1585 3477 1613 3538; x_wconf 84' lang='lat' dir='ltr'><strong>al</strong></span> <span class='ocrx_word' id='word_1_320' title='bbox 1637 3544 1638 3547; x_wconf 8' lang='grc' dir='ltr'><strong>Ἴ</strong></span> 
     </span>
     <span class='ocr_line' id='line_1_37' title="bbox 312 3547 1638 3635; baseline 0.015 -29"><span class='ocrx_word' id='word_1_321' title='bbox 312 3547 445 3607; x_wconf 80' lang='lat' dir='ltr'><strong>salutem</strong></span> <span class='ocrx_word' id='word_1_322' title='bbox 470 3550 607 3611; x_wconf 87' lang='lat' dir='ltr'><strong>omnium</strong></span> <span class='ocrx_word' id='word_1_323' title='bbox 631 3554 780 3631; x_wconf 87' lang='lat' dir='ltr'><strong>pertinet.</strong></span> <span class='ocrx_word' id='word_1_324' title='bbox 812 3574 874 3635; x_wconf 86' lang='lat' dir='ltr'><strong>pre</strong></span> <span class='ocrx_word' id='word_1_325' title='bbox 898 3555 1011 3619; x_wconf 81' lang='lat' dir='ltr'><strong>Caelio</strong></span> <span class='ocrx_word' id='word_1_326' title='bbox 1034 3557 1090 3630; x_wconf 84' lang='grc'><strong>29,</strong></span> <span class='ocrx_word' id='word_1_327' title='bbox 1117 3559 1169 3619; x_wconf 90' lang='grc'><strong>70.</strong></span> <span class='ocrx_word' id='word_1_328' title='bbox 1373 3604 1376 3611; x_wconf 68' lang='lat'><strong>,</strong></span> <span class='ocrx_word' id='word_1_329' title='bbox 1419 3600 1424 3607; x_wconf 93' lang='lat'>·</span> <span class='ocrx_word' id='word_1_330' title='bbox 1637 3602 1638 3607; x_wconf 22' lang='grc' dir='ltr'><strong>κ</strong></span> 
     </span>
    </p>

    <p class='ocr_par' dir='ltr' id='par_1_16' title="bbox 398 3631 1385 3719">
     <span class='ocr_line' id='line_1_38' title="bbox 398 3631 1385 3719; baseline 0.01 -28"><span class='ocrx_word' id='word_1_331' title='bbox 398 3631 522 3694; x_wconf 91' lang='lat' dir='ltr'><strong>Vitae</strong></span> <span class='ocrx_word' id='word_1_332' title='bbox 545 3635 739 3717; x_wconf 88' lang='lat' dir='ltr'><strong>necisque</strong></span> <span class='ocrx_word' id='word_1_333' title='bbox 762 3649 960 3717; x_wconf 82' lang='lat' dir='ltr'><strong>potestas.</strong></span> <span class='ocrx_word' id='word_1_334' title='bbox 1007 3640 1090 3702; x_wconf 85' lang='lat' dir='ltr'><strong>Vide</strong></span> <span class='ocrx_word' id='word_1_335' title='bbox 1114 3641 1311 3719; x_wconf 78' lang='lat' dir='ltr'><strong>Adoptio.</strong></span> <span class='ocrx_word' id='word_1_336' title='bbox 1380 3692 1385 3701; x_wconf 94' lang='lat'><strong>.</strong></span> 
     </span>
    </p>

    <p class='ocr_par' dir='ltr' id='par_1_17' title="bbox 313 3708 1638 3968">
     <span class='ocr_line' id='line_1_39' title="bbox 397 3708 1638 3805; baseline 0.013 -31"><span class='ocrx_word' id='word_1_337' title='bbox 397 3713 513 3777; x_wconf 90' lang='lat' dir='ltr'><strong>Vitio</strong></span> <span class='ocrx_word' id='word_1_338' title='bbox 544 3736 694 3795; x_wconf 81' lang='lat' dir='ltr'><strong>capere</strong></span> <span class='ocrx_word' id='word_1_339' title='bbox 728 3721 1035 3784; x_wconf 82' lang='lat' dir='ltr'><strong>tabernaculum</strong></span> <span class='ocrx_word' id='word_1_340' title='bbox 1069 3724 1100 3786; x_wconf 92' lang='lat' dir='ltr'><strong>in</strong></span> <span class='ocrx_word' id='word_1_341' title='bbox 1136 3724 1285 3805; x_wconf 81' lang='lat' dir='ltr'><strong>augurio.</strong></span> <span class='ocrx_word' id='word_1_342' title='bbox 1335 3728 1372 3789; x_wconf 85' lang='lat' dir='ltr'><strong>de</strong></span> <span class='ocrx_word' id='word_1_343' title='bbox 1395 3729 1442 3790; x_wconf 90' lang='lat' dir='ltr'><strong>N.</strong></span> <span class='ocrx_word' id='word_1_344' title='bbox 1469 3730 1512 3797; x_wconf 87' lang='lat' dir='ltr'><strong>D.</strong></span> <span class='ocrx_word' id='word_1_345' title='bbox 1536 3708 1638 3803; x_wconf 79' lang='lat' dir='ltr'><strong>t,t,l</strong></span> 
     </span>
     <span class='ocr_line' id='line_1_40' title="bbox 314 3795 1638 3891; baseline 0.015 -37"><span class='ocrx_word' id='word_1_346' title='bbox 314 3795 367 3855; x_wconf 87' lang='lat'><strong>11.</strong></span> <span class='ocrx_word' id='word_1_347' title='bbox 384 3826 423 3842; x_wconf 91' lang='lat'>-</span> <span class='ocrx_word' id='word_1_348' title='bbox 440 3796 557 3859; x_wconf 88' lang='lat' dir='ltr'><strong>Vitio</strong></span> <span class='ocrx_word' id='word_1_349' title='bbox 580 3802 709 3863; x_wconf 87' lang='lat' dir='ltr'><strong>creati</strong></span> <span class='ocrx_word' id='word_1_350' title='bbox 732 3806 936 3867; x_wconf 86' lang='lat' dir='ltr'><strong>consules.</strong></span> <span class='ocrx_word' id='word_1_351' title='bbox 960 3805 1045 3867; x_wconf 87' lang='lat' dir='ltr'><strong>lbid.</strong></span> <span class='ocrx_word' id='word_1_352' title='bbox 1069 3836 1109 3883; x_wconf 75' lang='lat'><strong>·,··</strong></span> <span class='ocrx_word' id='word_1_353' title='bbox 1133 3808 1244 3869; x_wconf 90' lang='lat' dir='ltr'><strong>Vitio</strong></span> <span class='ocrx_word' id='word_1_354' title='bbox 1266 3808 1410 3873; x_wconf 78' lang='lat' dir='ltr'><strong>latalex.</strong></span> <span class='ocrx_word' id='word_1_355' title='bbox 1434 3816 1611 3891; x_wconf 81' lang='lat' dir='ltr'><strong>deHaeusp.</strong></span> <span class='ocrx_word' id='word_1_356' title='bbox 1637 3822 1638 3827; x_wconf 77' lang='grc'>’</span> 
     </span>
     <span class='ocr_line' id='line_1_41' title="bbox 313 3879 1353 3968; baseline 0.019 -32"><span class='ocrx_word' id='word_1_357' title='bbox 313 3895 401 3957; x_wconf 80' lang='lat' dir='ltr'><strong>resp.</strong></span> <span class='ocrx_word' id='word_1_358' title='bbox 426 3879 486 3953; x_wconf 88' lang='grc'><strong>23,</strong></span> <span class='ocrx_word' id='word_1_359' title='bbox 510 3881 563 3941; x_wconf 87' lang='grc'><strong>18.</strong></span> <span class='ocrx_word' id='word_1_360' title='bbox 587 3912 627 3923; x_wconf 89' lang='grc'><strong>-</strong></span> <span class='ocrx_word' id='word_1_361' title='bbox 651 3885 955 3968; x_wconf 83' lang='lat' dir='ltr'><strong>Vitio-navigare.</strong></span> <span class='ocrx_word' id='word_1_362' title='bbox 990 3889 1129 3952; x_wconf 77' lang='lat' dir='ltr'><strong>dezDir.</strong></span> <span class='ocrx_word' id='word_1_363' title='bbox 1154 3894 1188 3963; x_wconf 91' lang='lat'><strong>1,</strong></span> <span class='ocrx_word' id='word_1_364' title='bbox 1214 3890 1274 3964; x_wconf 85' lang='lat'><strong>16,</strong></span> <span class='ocrx_word' id='word_1_365' title='bbox 1298 3892 1353 3956; x_wconf 91' lang='grc'><strong>29.</strong></span> 
     </span>
    </p>

    <p class='ocr_par' dir='ltr' id='par_1_18' title="bbox 261 3961 1638 4205">
     <span class='ocr_line' id='line_1_42' title="bbox 261 3961 1311 4039; baseline 0.019 -22"><span class='ocrx_word' id='word_1_366' title='bbox 261 4000 271 4017; x_wconf 95' lang='grc'><strong>.</strong></span> <span class='ocrx_word' id='word_1_367' title='bbox 397 3962 549 4027; x_wconf 89' lang='lat' dir='ltr'><strong>Vitium</strong></span> <span class='ocrx_word' id='word_1_368' title='bbox 571 3961 721 4027; x_wconf 81' lang='lat' dir='ltr'><strong>lacere.</strong></span> <span class='ocrx_word' id='word_1_369' title='bbox 767 3967 978 4039; x_wconf 80' lang='lat' dir='ltr'><strong>Vide,Usua</strong></span> <span class='ocrx_word' id='word_1_370' title='bbox 1006 3970 1180 4035; x_wconf 73' lang='lat' dir='ltr'><strong>fruetus.</strong></span> <span class='ocrx_word' id='word_1_371' title='bbox 1308 4004 1311 4013; x_wconf 53' lang='lat'><strong><em>¹</em></strong></span> 
     </span>
     <span class='ocr_line' id='line_1_43' title="bbox 396 4043 1610 4146; baseline 0.023 -42"><span class='ocrx_word' id='word_1_372' title='bbox 396 4043 577 4106; x_wconf 83' lang='lat' dir='ltr'><strong>Vocare.</strong></span> <span class='ocrx_word' id='word_1_373' title='bbox 622 4045 707 4111; x_wconf 89' lang='lat' dir='ltr'><strong>Mile</strong></span> <span class='ocrx_word' id='word_1_374' title='bbox 738 4048 887 4112; x_wconf 88' lang='lat' dir='ltr'><strong>Clodium</strong></span> <span class='ocrx_word' id='word_1_375' title='bbox 917 4052 1176 4119; x_wconf 72' lang='lat' dir='ltr'><strong>in&#39;iurlicinur</strong></span> <span class='ocrx_word' id='word_1_376' title='bbox 1203 4056 1270 4132; x_wconf 80' lang='lat' dir='ltr'><strong>bia,</strong></span> <span class='ocrx_word' id='word_1_377' title='bbox 1292 4063 1347 4121; x_wconf 70' lang='lat' dir='ltr'><strong>nd</strong></span> <span class='ocrx_word' id='word_1_378' title='bbox 1378 4056 1610 4146; x_wconf 78' lang='lat' dir='ltr'><strong>viu&#39;nunquu·</strong></span> 
     </span>
     <span class='ocr_line' id='line_1_44' title="bbox 314 4127 1236 4205; baseline 0.017 -22"><span class='ocrx_word' id='word_1_379' title='bbox 314 4127 490 4187; x_wconf 77' lang='lat' dir='ltr'><strong>vocavit.</strong></span> <span class='ocrx_word' id='word_1_380' title='bbox 514 4146 575 4205; x_wconf 84' lang='lat' dir='ltr'><strong>pro</strong></span> <span class='ocrx_word' id='word_1_381' title='bbox 593 4128 667 4191; x_wconf 85' lang='lat' dir='ltr'><strong>Mil.</strong></span> <span class='ocrx_word' id='word_1_382' title='bbox 697 4133 754 4205; x_wconf 83' lang='grc'><strong>15,</strong></span> <span class='ocrx_word' id='word_1_383' title='bbox 780 4133 833 4193; x_wconf 81' lang='lat' dir='ltr'><strong>le.</strong></span> <span class='ocrx_word' id='word_1_384' title='bbox 1233 4157 1236 4162; x_wconf 90' lang='lat'>·</span> 
     </span>
    </p>
   </div>
   <div class='ocr_carea' id='block_1_10' title="bbox 399 4207 1638 4306">
    <p class='ocr_par' dir='ltr' id='par_1_19' title="bbox 399 4207 1638 4306">
     <span class='ocr_line' id='line_1_45' title="bbox 399 4207 1638 4306; baseline 0.026 -39"><span class='ocrx_word' id='word_1_385' title='bbox 399 4207 1609 4306; x_wconf 61' lang='lat' dir='ltr'><strong>voluntasscriptoriscumscriptodiasteeu·aeHer.e,t.ll·</strong></span> <span class='ocrx_word' id='word_1_386' title='bbox 1637 4244 1638 4299; x_wconf 71' lang='lat' dir='ltr'><strong>l</strong></span> 
     </span>
    </p>
   </div>
   <div class='ocr_carea' id='block_1_11' title="bbox 0 0 1674 5584">
    <p class='ocr_par' dir='ltr' id='par_1_20' title="bbox 0 0 1674 5584">
     <span class='ocr_line' id='line_1_46' title="bbox 0 0 1674 5584; baseline 0 3"><span class='ocrx_word' id='word_1_387' title='bbox 0 0 1674 5584; x_wconf 95' lang='lat' dir='ltr'><strong> </strong></span> 
     </span>
    </p>
   </div>
  </div>
 </body>
</html>
