3328 5576
486 320 915 416 omooounnmns.
1175 308 1178 321 ’
1303 349 1343 415 ιο

144 496 174 560 07
185 502 247 580 cept
265 492 384 569 αὐτόν,
408 490 469 578 qui
481 491 576 555 circa
588 491 705 575 ipsum
718 501 833 565 erunt,
856 476 968 572 ipsius
969 487 1196 581 familiares.
1218 488 1342 572 „Prae-

84 587 235 651 terutnims
255 584 398 651 tricliniis
419 586 544 670 accepti
570 594 606 652 οἱ
633 597 707 673 περὶ
734 585 836 651 αὐτὸν
865 584 957 673 yalde
985 582 1159 667 c'opiose.''
1209 585 1250 647 ad
1270 585 1341 649 Att.

82 682 149 747 Xiss.
163 680 209 757 tt,
234 681 264 746 7.

132 778 252 853 θῖχειαι,
279 774 452 860 disparet,
483 775 665 840 euanescit.
718 775 866 858 „Omnes
887 773 977 850 iere,
1007 795 1088 858 quas
1110 793 1340 837 commemoras

78 868 198 950 (mitola
220 869 360 953 accepi).
415 872 524 951 Quare
552 892 617 934 nou
646 874 771 950 οἴχεται
799 881 854 933 tua
875 867 1054 945 industria,
1085 868 1173 951 quod
1194 865 1338 947 perenis,

70 965 107 1025 sed
119 964 255 1045 praeclue
273 965 419 1048 ponitur,
443 964 471 1029 si
492 963 618 1050 quidem
640 964 673 1027 iu
693 964 800 1048 egisti,
824 974 861 1027 ut
881 983 945 1047 ego
968 961 1178 1029 delectarer.''
1201 963 1240 1023 ad
1261 962 1335 1025 Au.

70 1056 113 1121 Vi.
129 1060 156 1133 1,
184 1060 270 1121 1.-
314 1059 448 1139 „Ratio
468 1059 606 1144 quidem
625 1060 739 1123 hercle
760 1069 922 1142 apponet,
956 1069 1144 1141 argentum
1172 1054 1338 1134 οἵχειοιι.”

65 1148 193 1215 inPison.
212 1153 268 1228 75,
291 1155 348 1216 oi.
392 1155 518 1218 Versus
540 1174 558 1218 e
581 1150 690 1218 Plauti
712 1152 900 1216 Trinummo
922 1152 972 1216 ΙΙ.
996 1153 1035 1228 6,
1062 1154 1113 1217 17.

123 1248 295 1333 Ὁμηριιῶς,
315 1247 517 1327 Homer-icc,
542 1268 637 1312 more
656 1245 812 1312 Homeri.
851 1247 1100 1329 „Respondebo
1122 1245 1181 1309 tibi
1201 1246 1338 1334 ὕστερον

63 1339 199 1425 νότιοι,
223 1341 445 1429 ‘omnus’
486 1345 527 1406 au
549 1342 623 1406 Αιι.
647 1341 678 1406 1.
704 1342 758 1417 16,
783 1345 814 1404 s.

120 1436 284 1518 Ὁμοιιὸιίς,
311 1436 468 1501 eumdem
494 1436 634 1521 generis
655 1448 689 1499 et
698 1433 865 1525 formae.
921 1434 1037 1511 ,Sunt
1052 1455 1107 1498 res
1129 1432 1275 1500 difficiles
1297 1436 1338 1498 ad

63 1527 238 1611 explicandum
258 1541 290 1595 et
311 1534 484 1616 ὁμοειδεῖς.
494 1530 512 1559 '’
557 1532 597 1594 asi
618 1535 690 1596 Au.
714 1530 764 1594 ll.
787 1529 825 1607 6,
852 1532 883 1593 1.

123 1625 293 1708 ’omum
322 1625 573 1690 conuenientia.
617 1626 739 1707 ,Quod
764 1626 932 1704 (summum
952 1626 1086 1705 honum)
1107 1644 1177 1687 cum
1199 1622 1339 1704 positum

63 1714 203 1795 uinco,
227 1722 313 1803 quod
339 1720 521 1805 ὁμολογίαν
547 1718 670 1796 Stoici,
704 1741 763 1785 uos
785 1719 981 1802 appellemus
1003 1718 1288 1796 convenientiam,
1312 1717 1339 1782 si
1444 1756 1449 1767 .

63 1810 175 1890 puer?
193 1823 251 1876 oet.
294 1816 335 1879 dc
359 1814 454 1880 Finn.
475 1814 544 1879 ΙΙΙ.
569 1814 607 1891 ό,
631 1814 687 1878 21.

120 1907 382 1993 Ὁμολογουμνως
397 1914 573 1998 τυραννίδα
588 1910 836 1989 συσκευάζεται,
850 1910 979 1992 procul
994 1907 1117 1986 ditbiO,
1140 1905 1340 2000 manifeste,

65 2000 235 2081 inunum
252 2001 429 2095 ‹y‘fcetau
473 2004 514 2066 ad
534 2007 608 2067 Ati.
631 2004 681 2067 ΙΙ.
705 2005 763 2079 17,
788 2005 820 2065 1.

121 2095 300 2177 ‘Opuntem
329 2098 481 2162 societas
509 2096 711 2181 navigandi.
766 2098 885 2172 ,Haec
912 2108 1015 2163 autem
1047 2097 1210 2184 navigatio
1243 2098 1340 2161 habet

73 2187 173 2265 1111111
189 2190 386 2273 suspiciones
405 2191 552 2274 periculi.
595 2192 710 2275 Itaque
735 2191 966 2259 constituebam
989 2190 1036 2255 uti
1057 2196 1231 2278 ὀμοιιλοίᾳ.
1276 2193 1362 2256 Par

77 2277 307 2348 menendi
331 2286 489 2362 Brutum,
521 2306 616 2371 quam
639 2285 844 2349 audiebam.'’
887 2288 927 2348 ad
950 2288 1025 2351 Att.
1047 2288 1149 2352 XVI.
1173 2287 1211 2363 1,
1241 2287 1273 2348 1.
1297 2321 1339 2333 —·

78 2373 133 2441 »Ἔν
149 2377 282 2461 ὁμιλοίᾳ
312 2379 410 2443 Bruti
436 2379 565 2444 videtur
590 2378 708 2464 aliquid
736 2378 889 2463 praesidii
915 2380 1026 2445 cssc.'’
1077 2383 1117 2444 ad
1139 2382 1211 2445 Att.
1234 2378 1337 2443 XVI.

76 2466 100 2538 ¹2
116 2465 139 2527 3·
153 2502 183 2515 -
214 2475 347 2554 „Bruto
370 2496 440 2537 cum
463 2495 559 2557 saepe
579 2472 754 2538 iniecissem
777 2477 816 2536 de
839 2477 1024 2557 ὁμοιλοίᾳ,
1054 2495 1118 2538 nou
1139 2472 1271 2556 perinde
1292 2484 1340 2535 at-

73 2579 176 2645 (Μο
190 2580 332 2649 putaram
357 2568 501 2652 arripere
523 2567 612 2632 visus
634 2567 719 2632 est.''
754 2570 806 2631 'ad
826 2570 899 2632 An.
922 2569 1021 2632 XVI.
1047 2569 1084 2645 5,
1108 2568 1140 2632 3.

125 2657 295 2741 'Quinem
320 2660 541 2755 famelicus,
575 2663 642 2727 cibi
671 2662 904 2729 avidissimae.
958 2663 1059 2743 „Sum
1092 2663 1123 2725 iu
1153 2660 1338 2726 curiositate

74 2745 216 2847 iiiunocst'
241 2760 280 2821 ad
300 2760 378 2822 Ast.
401 2757 452 2822 ΙΙ.
476 2758 536 2833 17,
561 2758 592 2824 2.
612 2789 654 2802 -
678 2758 810 2833 ,Valde
826 2778 895 2820 sum
918 2759 1176 2837 otenticoruct,
1199 2756 1226 2822 si
1241 2779 1339 2843 quae·

73 2854 113 2913 Νι
128 2847 209 2911 onnia
229 2852 303 2915 mihi
325 2854 613 2935 sunt'suspecta.’'
657 2855 696 2915 ad
719 2856 791 2916 Art.
813 2852 880 2916 lv.
905 2852 964 2930 13,
990 2855 1020 2917 1.

97 2940 252 3040 ιὈιαδοι,
283 2949 439 3012 asseclae
466 2948 618 3012 oliorum
645 2947 682 3011 in
711 2947 847 3013 militia.
900 2948 1019 3031 „Ergo
1049 2946 1165 3013 erimus
1194 2952 1336 3028 ὀπαδοί,

68 3046 191 3117 turam
206 3060 269 3105 esse
292 3040 504 3106 noluimus?''
549 3045 587 3105 ad
609 3044 679 3108 Au.
705 3042 770 3107 IV.
794 3043 832 3116 5,
857 3042 887 3104 7.

119 3129 154 3195 Ὀ
171 3139 260 3212 πλοῦς
284 3140 429 3224 domoc,
458 3137 638 3221 nauigatio
658 3137 872 3221 tempestiua.
917 3136 1091 3221 „Egregie
1112 3140 1221 3220 probo
1242 3136 1334 3213 iore,

64 3221 167 3290 111111
186 3249 349 3313 vagamur,
374 3232 393 3297 ὁ
417 3235 517 3307 πλοῦς
546 3234 668 3320 ὥροιῐος
691 3230 861 3312 obrepat.''
889 3233 930 3295 ad
951 3232 1023 3296 Au.
1046 3232 1112 3295 lx.
1137 3234 1167 3309 7,
1192 3232 1225 3296 5.
1249 3231 1336 3298 Cor-

64 3312 129 3416 niu
143 3317 234 3385 tnui
253 3324 424 3388 Pollucem
446 3325 476 3388 Ι.
501 3327 534 3390 9.
557 3339 631 3414 περὶ
655 3329 817 3402 εὐπλοίας.
868 3325 919 3390 De
935 3347 1017 3390 voce
1035 3330 1175 3414 ὦραῐος,
1208 3338 1336 3412 tempe·

65 3414 153 3485 “¹⁰¹¹'’
171 3416 233 3481 vioe
254 3417 393 3484 Graevii
414 3420 527 3483 Lectt.
548 3422 685 3486 Hesiod.
709 3443 740 3483 c.
763 3421 795 3485 2.
827 3421 915 3484 Eun.

120 3504 303 3590 Ὀπούντιοι,
333 3514 544 3593 Σιπούντιοι,
579 3514 741 3600 Opuntii,
772 3513 937 3598 Sipuntii.
988 3516 1027 3579 ad
1048 3516 1121 3580 Att.
1144 3516 1210 3579 VI.
1233 3515 1269 3593 7,
1301 3516 1357 3595 3.,
1556 3542 1573 3554 ⁸

69 3586 121 3656 111
141 3601 366 3675 Onomasticon.
410 3652 416 3669 .

120 3691 271 3781 Ὀογοινον,
296 3702 575 3768 instrumentum.
619 3703 744 3778 „Plane
766 3703 848 3779 iam,
871 3704 992 3780 Brute,
1016 3701 1138 3787 frigeo.
1169 3705 1335 3794 Ὄργανον

78 3789 119 3841 “²¹
131 3806 209 3881 ”tum
230 3809 375 3861 senatus:
399 3798 432 3861 id
453 3797 514 3861 iam
537 3809 585 3861 est
600 3798 829 3863 dissolutum.”
853 3800 892 3861 ad
906 3799 998 3862 Fam.
1014 3799 1077 3877 XI.
1095 3801 1153 3874 11,
1172 3803 1203 3863 1.
1228 3798 1334 3881 Capio

82 3882 397 3975 Quimmumento
419 3892 540 3957 musico
564 3895 608 3957 ob
630 3894 763 3957 verbum
767 3891 936 3983 frigere,
961 3895 1048 3976 quod
1071 3891 1245 3956 diciturne
1268 3915 1335 3956 mu·
1423 3960 1426 3969 ,

80 3981 200 4043 'Minu
218 4006 280 4049 non
303 3986 472 4050 audiuntur
493 4008 564 4050 cum
585 3988 714 4052 favore.
758 3988 853 4050 Brut.
877 3988 935 4064 50,
962 3988 1035 4050 137.
1080 3987 1164 4071 Eun.

130 4067 225 4155 'matr
247 4079 308 4145 τάν
330 4086 428 4159 ναῦν,
451 4092 583 4145 rectam
603 4102 735 4145 nouem.
780 4083 820 4143 ad
842 4081 886 4161 Q.
908 4079 953 4144 ir.
976 4081 1007 4143 1.
1031 4102 1083 4162 ep.
1105 4081 1136 4143 2.
1162 4101 1192 4144 c.
1216 4082 1253 4156 1,
1279 4083 1331 4146 13.

71 4147 135 4263 Q
149 4172 232 4235 rerba
254 4182 327 4237 sunt
348 4196 366 4237 e
390 4176 516 4239 Graeca
537 4175 711 4240 sententias
750 4171 787 4243 εὖ
808 4181 897 4253 ἴσθι,
926 4179 1115 4252 Ποσειδᾶν,
1149 4175 1202 4241 ὅτι
1225 4178 1332 4265 ὀρθὰν
1409 4186 1410 4190 ’

72 4268 111 4311 '²'
130 4266 190 4326 Μῦν
218 4269 421 4347 καταδύσω,
454 4291 537 4354 quae
560 4269 677 4334 Latine
699 4283 748 4334 cst
777 4270 869 4334 ctiam
900 4272 985 4352 apud
1013 4272 1166 4334 Senecam
1195 4291 1248 4352 ep.
1277 4272 1331 4335 85.

66 4340 197 4431 ΝΜ,
218 4362 390 4449 nunquam
404 4368 492 4429 honr
507 4387 629 4429 nauem
643 4365 712 4428 nisi
726 4378 868 4429 rectam.
892 4365 982 4429 Haec
997 4363 1177 4428 Victorius.
1200 4365 1331 4448 Lipsius

69 4445 194 4512 ’1111111
217 4456 351 4522 Senecae
374 4460 397 4523 i.
421 4481 452 4523 c.
476 4459 583 4523 laudat
605 4460 697 4522 etiam
720 4472 860 4523 veterem
882 4458 1074 4539 scriptorem
1097 4457 1259 4536 Teletem,
1289 4481 1332 4522 ex

67 4546 112 4607 ³¹⁰
127 4551 165 4601 ‘⁸¹
181 4552 325 4617 sententia
348 4556 461 4635 cadem
479 4576 533 4637 ap.
557 4553 729 4618 stobaeum
753 4575 783 4617 c.
810 4554 883 4615 105.
928 4554 1014 4615 Eun.

82 4713 88 4723 .
122 4632 285 4724 Ὄθῐζονιις,
299 4647 472 4727 finientes
492 4650 722 4730 (Horizont).
771 4647 876 4730 „Cum
898 4647 948 4710 iili
968 4650 1082 4726 orbes,
1110 4647 1165 4732 qui
1186 4669 1204 4711 a
1227 4648 1328 4711 Grae·

70 4734 99 4777 ω
117 4727 246 4816 ὁθῑέιιιιις
270 4740 490 4820 nominantur,
527 4765 544 4807 a
571 4743 665 4811 nobis
680 4744 852 4824 finientes
880 4742 1055 4807 rectissime
1077 4740 1234 4806 nominari
1255 4761 1329 4822 pos-

72 4825 136 4893 fflis
152 4830 317 4902 varietatem
339 4836 505 4902 maximam
525 4839 679 4917 habeant,
712 4837 828 4924 aliique
849 4836 882 4902 iu
905 4835 973 4901 aliis
996 4835 1075 4902 locis
1096 4837 1176 4913 sint,
1200 4854 1328 4897 necesse
