3490 5586
313 389 375 471 336
844 383 1107 464 Antenora

385 541 587 619 Extremum
609 538 747 606 locstm
737 560 770 604 ιιι
789 540 900 604 codiee
919 540 1105 626 Lugduno-
1089 538 1256 614 -Bataro,
1279 534 1367 601 utin
1390 536 1530 603 editione
1551 532 1642 623 prin

313 639 406 722 cipe,
431 637 576 703 obtinent
593 632 833 699 commenlarii
824 655 854 696 ιιι
870 632 1135 699 Divinationem
1126 656 1156 696 ιιι
1176 631 1352 697 Caecilium
1373 633 1451 695 etin
1472 632 1643 696 Verrinas·

209 786 210 790 ,
314 733 446 799 Servari
469 729 666 814 oportuisset
685 727 746 791 iste
768 730 870 792 ordo:
904 727 946 790 ita
972 728 1114 792 sortasse
1136 747 1201 791 nnn
1228 727 1409 803 accidisset,
1441 730 1529 813 quod
1558 749 1644 790 nune

312 829 431 893 lbetum
462 827 623 899 dolemus,
658 833 692 886 ιιι
726 822 846 887 maiore
875 843 947 885 cum
975 841 1052 887 cura
1080 844 1099 885 a
1130 820 1205 885 viris
1233 822 1336 885 doctis
1363 821 1397 885 hi
1423 820 1645 886 commentarii

312 934 543 996 tractarentur,
582 940 675 1002 quam
707 916 751 980 illi
782 938 864 1003 quos
893 918 1044 981 hactenus
1076 916 1291 992 excussimus,
1326 916 1512 999 quibuscum
1549 936 1642 990 sane,

313 1015 468 1102 quidquid
489 1017 613 1077 tandem
641 1015 679 1075 de
702 1011 741 1075 iis
763 1022 937 1088 statuatur,
962 1033 1064 1094 neque
1088 1012 1265 1095 elegantia,
1290 1031 1394 1095 neque
1416 1011 1510 1092 eopia
1534 1030 1644 1073 rerum

314 1112 403 1187 scitu
419 1107 691 1194 dignissimarum,
716 1107 782 1170 ullo
806 1109 903 1170 modo
925 1117 998 1169 ιιιιιι
1019 1102 1237 1188 comparandi.
1281 1105 1388 1168 Etiam
1413 1106 1468 1168 rix
1488 1105 1561 1168 fieri
1586 1126 1646 1188 po·

314 1206 444 1280 luisset,
470 1201 570 1266 veteri
593 1200 706 1269 ordine
730 1211 879 1279 servato,
904 1212 938 1263 ut
961 1201 1121 1285 legentes,
1146 1221 1241 1284 quum
1264 1201 1302 1260 ad
1324 1201 1404 1261 haec
1425 1200 1548 1263 scholia
1570 1222 1647 1283 per·

315 1311 444 1362 ventum
467 1307 570 1371 esset,
595 1294 715 1378 prioris
737 1294 956 1359 commentarii
977 1295 1194 1358 salubritatem
1217 1315 1280 1357 non
1300 1295 1518 1381 requirerent,
1540 1315 1645 1377 neque

315 1394 622 1466 animadverterent,
647 1402 798 1474 quantum
821 1391 885 1454 hoe
906 1391 1045 1472 opusab
1070 1389 1146 1464 illo,
1169 1399 1241 1454 toto
1262 1410 1380 1474 genere
1397 1388 1540 1451 distaret.
1585 1387 1648 1450 Ni·

316 1488 428 1552 mirum
458 1488 521 1550 hoc
544 1496 611 1560 est,
646 1481 735 1567 quod
760 1506 855 1569 quum
886 1483 1031 1567 pluribus
1053 1483 1162 1546 verbis
1184 1483 1346 1565 explicare
1369 1503 1573 1566 pararemus,
1606 1484 1646 1546 ab

314 1581 460 1646 instituto
482 1578 595 1644 deiecti
616 1601 741 1656 sumus,
773 1580 843 1644 riso
868 1578 1052 1643 doctissimo
1076 1576 1236 1661 Madvigii
1261 1577 1388 1651 libello,
1422 1577 1477 1661 qui
1498 1575 1542 1639 ita
1566 1579 1649 1639 bane

318 1674 535 1760 quaestionem
566 1674 734 1750 tractavit,
770 1685 805 1737 ut
837 1693 998 1757 perpauca
1034 1671 1127 1738 nobis
1159 1672 1289 1736 dicenda
1320 1671 1499 1754 reliquerit.
1558 1670 1650 1750 Quae

316 1781 422 1834 tamen
444 1780 479 1832 ιιι
501 1766 614 1837 ordiue
636 1779 668 1831 et
689 1768 763 1859 leco
782 1768 939 1843 dicamus,
965 1788 1068 1853 neque
1086 1767 1260 1851 quidquam
1277 1788 1336 1830 nos
1349 1767 1464 1852 fugere
1479 1765 1649 1848 patiamur,

281 1856 541 1948 ,disputationis
563 1873 692 1929 nostrae
716 1862 838 1946 capita,
862 1861 1131 1947 etquasipuneta
1148 1873 1425 1953 argumentorum,
1449 1861 1652 1943 quibuslere
1726 1850 1727 1889 ³

281 1960 294 1973 '
316 1959 426 2024 iisdem
449 1970 544 2043 atque
566 1956 754 2039 Madvigius
777 1958 825 2020 usi
849 1978 992 2032 eramus,
1017 1956 1160 2019 breviter
1184 1947 1432 2018 recensebimus
1457 1988 1497 2003 -
1520 1956 1566 2019 Et
1586 1957 1654 2039 pei-

318 2050 421 2127 rnum,
445 2051 643 2115 extrinsecus
666 2054 743 2116 illud
770 2051 941 2127 adscitum,
967 2060 1186 2135 argumentum
1213 2051 1276 2113 hoc
1302 2061 1367 2124 est,
1392 2049 1511 2114 nullum
1535 2051 1653 2115 librum

200 2213 203 2218 ,
319 2147 474 2230 scriptum
498 2145 762 2222 commemorari,
786 2146 817 2208 in
841 2166 907 2230 quo
935 2144 1155 2209 scholiastae
1145 2166 1180 2206 ιιι
1204 2144 1363 2208 Verrinas
1386 2165 1484 2225 opus,
1507 2147 1632 2228 quod
1624 2168 1652 2208 ιιι

319 2244 391 2306 edd.
413 2240 782 2309 recentioribus-lactum
805 2251 871 2314 est,
904 2251 937 2301 ut
962 2237 1097 2303 Asconii
1127 2239 1318 2302 venditatur.
1364 2238 1401 2304 In
1425 2241 1499 2302 eod.
1523 2241 1567 2303 L.
1596 2242 1650 2316 B..
1726 2272 1727 2327 γ

319 2337 408 2401 utin
430 2338 482 2400 cd.
506 2343 577 2419 pr„
608 2348 683 2418 post
705 2334 965 2400 commentarium
985 2334 1028 2397 'ad
1050 2354 1102 2398 or.
1126 2334 1156 2397 in
1182 2336 1276 2417 Toga
1301 2332 1443 2409 Candida
1465 2333 1653 2416 simpliciter
1726 2330 1727 2347 ¹

319 2429 482 2515 sequitur:
517 2433 772 2514 Argumentum
800 2428 1035 2493 divinationis.
1081 2426 1207 2493 Contra
1232 2428 1263 2492 in
1296 2428 1406 2493 fronte
1430 2427 1652 2491 commentarii

319 2527 360 2587 ad
381 2545 436 2587 or.
457 2523 491 2587 in
513 2524 682 2600 Pisonem,
708 2535 742 2587 ut
766 2542 861 2605 supra
885 2522 1082 2596 notavimus,
1107 2521 1242 2586 Asconii
1263 2544 1377 2586 nomen
1401 2522 1545 2605 ponitur.
1591 2521 1652 2584 vi·
1726 2548 1727 2607 ι

320 2620 412 2681 detur
442 2619 482 2681 ab
510 2619 570 2680 bae
598 2619 745 2684 oratione
774 2640 894 2685 novssm
928 2618 1078 2680 volumen
1108 2616 1217 2697 operis
1245 2617 1420 2693 Asconiani
1449 2616 1651 2698 incoepisse,
1726 2610 1727 2675 l

320 2722 521 2795 quapropter
548 2711 688 2777 universi
718 2713 827 2795 operis
858 2711 982 2775 titulum
1013 2710 1056 2773 ibi
1084 2712 1253 2788 babemus,
1285 2712 1374 2775 cuius
1403 2710 1598 2795 principium
1620 2733 1653 2776 se
1726 2720 1727 2745 ¹

261 2831 266 2840 ·
320 2818 428 2869 tenere
456 2808 587 2870 credens
614 2806 763 2871 librarius
790 2806 934 2889 scripsit,
968 2817 1002 2868 et
1028 2804 1144 2887 primo
1166 2804 1202 2867 in
1224 2809 1267 2870 L.
1290 2807 1462 2871 Pisonem.
1507 2805 1653 2870 Alterius
1726 2830 1727 2857 1

321 2898 495 2965 tolssminis
514 2899 700 2982 particulam
722 2902 873 2963 habemus
895 2898 1142 2963 commentarios
1167 2899 1200 2963 in
1222 2899 1466 2976 cornelianam,
1492 2912 1524 2963 ct
1545 2900 1578 2963 iu
1602 2922 1652 2967 or.

321 2993 352 3057 in
377 2995 467 3078 Tog.
491 2994 618 3061 Cand.:
643 3015 736 3079 quam
762 2994 880 3058 veteris
907 2994 1102 3077 arstographi
1124 3006 1247 3075 partem
1268 2993 1404 3075 Aseqnii
1426 3016 1560 3069 nornen,
1586 2996 1654 3060 lor-

320 3094 404 3152 tasse
428 3089 458 3150 in
482 3110 538 3152 ora
561 3089 749 3170 superiore,
773 3109 852 3172 prae
876 3109 910 3150 se
932 3086 1042 3150 tulisse
1066 3087 1158 3150 etiam
1183 3099 1315 3153 testatus
1338 3100 1385 3151 est
1406 3088 1558 3153 librarius
1578 3091 1655 3153 seri·

322 3185 419 3245 bens:
457 3185 500 3266 Q.
523 3182 654 3246 Aesoni
674 3183 829 3250 Pediuni.
873 3183 999 3265 Incipit
1025 3204 1094 3266 pro
1123 3184 1283 3248 Cornelio
1311 3183 1353 3245 de
1380 3184 1587 3249 Maiestate.
1618 3217 1651 3231 -·

321 3274 445 3343 Deinde
470 3275 539 3358 ipsa
560 3276 641 3340 haec
662 3277 785 3341 scholia
807 3277 833 3341 si
856 3288 1054 3358 spectamus,
1084 3288 1116 3340 et
1141 3277 1279 3358 primum
1306 3288 1469 3341 externam
1495 3278 1645 3343 forman:

326 3367 495 3436 Ciceronis
521 3371 592 3434 loca
615 3374 820 3455 adponuntur
845 3370 1051 3459 brevissima,
1084 3392 1166 3457 quae
1196 3371 1348 3455 longiora
1376 3371 1652 3437 describuntur-in

323 3483 404 3526 vero
426 3462 593 3539 Asconio,
616 3476 725 3528 notata
745 3465 838 3528 etiam
861 3463 1017 3529 orationis
1039 3477 1131 3547 parte
1155 3468 1236 3528 nnde
1258 3478 1380 3548 sumpta
1403 3467 1479 3541 sint,
1504 3468 1557 3531 vel
1582 3464 1656 3551 ipsis
1726 3536 1727 3551 ἶ

324 3556 444 3621 codicis
465 3555 672 3625 Ciceroniani
694 3560 855 3636 versibus,
880 3561 921 3621 ad
944 3580 1025 3641 quos
1047 3560 1293 3625 commentarius
1314 3561 1488 3643 pertineat,
1521 3582 1657 3625 nismero

325 3650 511 3735 designatis.
558 3652 755 3737 Quamquam
784 3653 934 3716 deficiunt
956 3652 1029 3716 illae
1050 3665 1146 3716 notae
1168 3655 1199 3718 in
1222 3657 1449 3719 commentario
1470 3655 1510 3716 ad
1531 3652 1660 3719 Corne-

305 3746 437 3819 ,lianam
465 3758 631 3825 extremo,
668 3759 700 3810 et
727 3750 766 3810 ad
797 3768 849 3812 or.
873 3747 905 3810 in
934 3750 1024 3832 'lug
1049 3745 1153 3812 Cand.
1178 3749 1351 3813 universo:
1387 3750 1476 3834 quod
1498 3768 1566 3812 non
1589 3771 1660 3811 οιιιιι

324 3839 517 3924 Madvigio,
543 3839 577 3903 in
599 3841 669 3915 not.
694 3845 734 3904 ad
756 3863 833 3926 pag.
857 3842 915 3917 60,
948 3841 1082 3927 Poggio
1106 3842 1271 3905 tribuerim
1296 3841 1471 3918 festinanti,
1504 3843 1663 3907 vetelius

325 3935 464 3998 cuiusvis
480 3933 714 4020 negligentiam
738 3938 794 3999 sed
811 3936 929 3999 sactum
949 3949 1046 4018 puto,
1072 3934 1172 4021 magis
1191 3950 1400 4001 evanescente
1420 3937 1451 4000 in
1470 3937 1523 4000 illa
1543 3937 1664 4001 vetusti

325 4028 444 4092 codicis
471 4041 564 4112 parte
594 4028 709 4104 minio,
748 4051 812 4112 quo
841 4029 913 4093 illae
945 4029 1236 4113 superscriptiones
1266 4030 1358 4116 pingi
1391 4032 1550 4102 solebant,
1606 4034 1662 4096 Ex

325 4125 433 4185 eadem
452 4143 547 4185 causa
569 4122 600 4185 in
623 4144 658 4189 es
682 4136 773 4206 parte
792 4124 865 4188 libri
882 4125 1003 4188 litteras
1025 4145 1251 4209 nonnunquam
1268 4124 1432 4189 evanuisse
1451 4126 1483 4189 in
1499 4125 1662 4209 principio

325 4215 473 4280 locorum
502 4215 809 4293 Ciceronianorum,
843 4218 953 4301 prodit
980 4220 1085 4281 codex
1107 4219 1151 4281 L.
1166 4220 1237 4294 *Bc
1268 4219 1323 4305 qui
1348 4218 1382 4283 in
1407 4219 1513 4304 primo
1541 4223 1662 4285 borum

326 4308 492 4385 locorum,
516 4310 548 4372 in
571 4315 708 4375 semsnda
732 4310 942 4388 Corneliana,
967 4312 1022 4375 ubi
1048 4311 1168 4397 legitur
1190 4334 1289 4390 num,
1313 4315 1410 4376 habet
1431 4336 1526 4390 eum,
1555 4314 1664 4396 prima

327 4400 431 4465 littera
455 4405 495 4465 ab
521 4407 581 4468 alia
601 4426 692 4468 manu
709 4406 897 4512 adscripta,
923 4427 1110 4513 quamquam
1135 4407 1274 4470 additum
1302 4420 1350 4473 est
1373 4409 1498 4492 signum
1518 4408 1664 4472 interro·

328 4494 440 4580 gandi3
464 4519 539 4562 mox
561 4499 592 4562 in
614 4498 775 4582 principio
801 4499 961 4584 sequentis
982 4500 1061 4576 loci,
1085 4499 1140 4583 qui
1162 4500 1310 4582 iucipita
1335 4503 1435 4565 verbo
1456 4501 1556 4586 quid,
1579 4498 1663 4564 seri·

307 4601 400 4671 ,ptas
415 4591 511 4656 babet
525 4592 612 4656 solas
634 4594 753 4658 litteras
768 4593 842 4657 uid.
888 4596 952 4658 Sed
966 4595 1063 4669 haee,
1088 4598 1127 4657 de
1143 4594 1257 4678 quibus
1273 4595 1427 4701 diximus,
1452 4606 1488 4657 ut
1504 4591 1660 4666 indicant,

307 4683 463 4747 ‘Asconii
487 4707 587 4769 opus,
612 4708 673 4769 pro
694 4687 846 4773 dignitate
867 4687 1017 4771 fatuaque
1036 4687 1218 4765 doetrinae,
1243 4689 1378 4754 seorsim
1397 4686 1514 4752 editum
1538 4682 1663 4749 deseri·
1726 4720 1727 4771 3

295 4782 302 4795 ‘
328 4780 482 4859 ptumque
503 4799 590 4855 esse;
619 4780 662 4844 ita
684 4782 717 4845 in
739 4781 870 4845 scholiis
892 4780 924 4844 in
946 4782 1103 4845 Verrinas
1126 4782 1230 4849 omnia
1252 4785 1403 4861 suadent,
1428 4802 1465 4844 ea
1489 4793 1661 4864 antequam
1726 4800 1727 4831 ι

329 4869 362 4937 in
390 4870 534 4936 codicem
561 4875 853 4954 San-Gallcnsem,
887 4877 939 4940 vel
963 4876 1172 4962 antiquiorem
1195 4880 1363 4963 quemdam
1385 4876 1657 4951 describerentur,
1726 4886 1727 4893 ’
