3328 5576
470 340 901 412 GRAECO-LATINUS.
1305 350 1346 415 11

46 485 76 551 5.
112 485 169 551 Pe
190 484 253 553 cim
276 485 372 553 κάτα
393 481 440 549 ibi
463 483 664 569 significatur
686 487 797 567 schola
818 484 1029 565 Academica,
1064 488 1139 575 quia
1161 488 1346 557 Academici

47 581 81 642 de
100 578 218 645 omnibns
238 579 274 643 in
296 576 618 663 utramquepartem
641 579 804 664 disputare
825 582 984 645 solebant.
1040 580 1156 645 Similis
1178 595 1229 649 est
1249 584 1349 648 inter-

46 672 156 755 pretatio
173 670 261 736 huius
282 673 450 739 formulae
473 675 559 757 apud
581 675 740 739 suidam:
773 674 866 742 ”Avo
891 675 1044 745 κάτω·τὸ
1064 677 1172 745 πάντα
1191 683 1284 745 litor
1298 706 1348 745 κι-
1408 667 1411 675 ’

46 782 102 833 αα.
145 765 255 832 Cicero
289 767 395 853 igitur
424 767 448 831 l.
476 767 500 831 l.
523 789 593 831 cnm
616 769 715 832 dicite
745 768 839 836 “Auo
869 771 957 836 κάτα
975 770 1007 833 si
1028 769 1112 856 quid
1133 781 1202 847 est,
1237 783 1289 837 est
1310 772 1348 847 in

41 863 163 929 Adeo:
191 859 357 947 significat
379 861 528 929 Aristum
563 861 622 925 illo
652 874 802 946 ternpore
831 862 1033 946 potissimum
1061 864 1272 937 Academicos
1299 886 1350 929 se-

38 969 93 1020 ctas
111 957 224 1021 laudem
245 956 424 1020 sustinere.
473 957 642 1021 Scnnrrz.
667 957 776 1021 Aliter
799 957 958 1037 Orellius,
981 977 1074 1042 quem
1098 956 1219 1020 videas.

99 1049 184 1117 'Are
206 1056 377 1135 ποταμῶν.
428 1050 551 1134 Supple
584 1072 626 1115 ex
655 1051 810 1134 Euripide
840 1073 969 1121 versum
995 1057 1090 1141 ἱερῶν
1109 1054 1258 1139 χωροῦσι
1283 1076 1348 1119 πα-

36 1154 100 1226 yet,
124 1166 257 1210 aermon
277 1167 402 1210 versus
424 1166 604 1212 sacrorum
612 1145 815 1239 fluminum
829 1145 1012 1239 feruntur
1022 1144 1166 1239 sontes.
1209 1148 1249 1209 ad
1271 1148 1346 1210 Au.

35 1238 106 1301 XV.
125 1240 162 1315 1,
195 1245 225 1304 1.
245 1240 269 1306 i.
294 1261 327 1303 e.
351 1261 462 1305 rerum
486 1243 568 1305 ordo
591 1240 740 1304 vertitur.
792 1240 1011 1307 Proverbium
1034 1243 1073 1304 de
1100 1242 1196 1304 rebus
1223 1242 1347 1309 adorta

37 1359 110 1408 τοις,
134 1354 194 1419 qno
213 1356 307 1417 saepe
329 1333 384 1397 usi
406 1346 479 1397 sunt
501 1338 638 1416 poe'tae,
663 1356 691 1400 e.
713 1356 744 1399 o.
768 1336 906 1402 Ovidius
927 1336 1012 1403 Her.
1036 1335 1084 1399 V.
1107 1335 1173 1412 30„
1201 1336 1258 1401 ubi
1280 1337 1346 1400 vid.

36 1426 224 1509 Interpretes.
239 1430 327 1493 Erre.
354 1428 451 1493 lllnm
473 1428 579 1492 locum
601 1428 648 1491 sic
671 1429 863 1493 Germanice
885 1441 1017 1493 vertas:
1040 1449 1140 1492 menn
1161 1430 1245 1494 aber
1258 1431 1348 1494 otwin

37 1519 231 1612 Corfulemes
251 1524 438 1607 dlaeflgoht,
462 1523 556 1586 daran
576 1525 678 1588 lrelrrt
698 1524 772 1589 sicia
794 1524 850 1589 dis
876 1518 976 1588 Wetr‘
992 1545 1065 1587 um.
1110 1525 1282 1591 Sonuere.

107 1617 217 1694 Ἀξία,
246 1617 443 1681 vocabulum
466 1615 629 1693 Stoicum,
661 1620 749 1704 quod
770 1617 855 1682 illam
880 1617 927 1685 rei
950 1617 1182 1703 proprietatem
1206 1617 1345 1696 indicat,

38 1730 94 1791 qna
117 1709 151 1770 lit
176 1710 376 1776 aestimabilis
402 1724 434 1776 et
464 1711 558 1798 digna
590 1733 672 1798 quae
694 1712 846 1797 diligatur
869 1724 922 1774 aut
944 1711 1012 1775 aliis
1035 1712 1262 1794 praeferatur:
1295 1715 1344 1792 id,

39 1804 116 1886 quod
132 1803 204 1869 iacit
223 1817 256 1869 ut
276 1827 330 1871 res
354 1806 439 1885 inter
455 1821 644 1896 προηγμένα
667 1806 847 1882 reseratur,
870 1806 1007 1891 pondus
1022 1806 1168 1889 dignum
1182 1809 1346 1873 aestimo·

40 1896 131 1960 tione.
153 1899 230 1961 Eau.
266 1901 372 1967 Immo
396 1911 444 1965 est
465 1901 667 1966 aestimatio
688 1900 778 1984 ipsa,
810 1900 842 1964 id
864 1903 951 1985 quod
974 1913 1107 1983 apparet
1131 1922 1170 1964 ex
1191 1901 1272 1965 loeis
1291 1901 1348 1988 qni

42 2003 217 2075 sequnntur:
251 1994 481 2076 „Aestimabile
505 2015 575 2058 esse
597 1995 737 2061 dicitnrz
773 1995 820 2059 sic
841 1996 943 2071 euim,
975 2006 1011 2058 ut
1033 1994 1170 2078 opinor,
1204 1996 1348 2078 appelle·

46 2106 107 2147 mus
125 2086 170 2160 id,
199 2092 280 2171 quod
300 2101 355 2153 aut
376 2088 481 2172 ipsum
503 2092 676 2153 seeundum
698 2100 843 2154 naturam
865 2089 909 2154 sit
930 2100 984 2152 aut
1012 2087 1075 2151 tale
1103 2089 1180 2174 quid
1207 2088 1343 2166 efficiat,

50 2189 84 2240 nt
101 2179 250 2245 cebennae
275 2184 403 2269 dignum
431 2195 607 2267 propterea
629 2183 689 2258 sit,
720 2186 810 2269 qnod
831 2184 961 2269 aliquod
996 2185 1123 2265 pondus
1153 2183 1267 2249 habeat
1298 2185 1346 2248 di·

61 2292 144 2353 ganm
170 2277 384 2355 aestimatione,
407 2299 502 2363 quarn
525 2278 578 2341 ille
611 2281 710 2358 ἀξίαν
730 2291 850 2343 vocat:
885 2288 1061 2359 contraque
1094 2275 1344 2353 inaestimabile,

66 2366 145 2446 qaod
162 2364 198 2428 sit
209 2371 347 2451 superiori
366 2370 592 2437 contrariurn.'’
615 2376 654 2436 de
670 2372 764 2437 Finn.
781 2372 850 2438 111.
874 2372 904 2448 6,
928 2372 1038 2433 20.-
1068 2371 1178 2451 „Nam
1201 2390 1271 2432 curn
1294 2390 1348 2432 ae-

65 2456 202 2535 ⁸¹i⁸²li⁰s
222 2484 294 2545 qnae
312 2466 527 2545 diudicitnr,
550 2486 652 2553 neque
674 2467 705 2530 in
728 2467 820 2532 bonis
844 2473 1008 2531 numerata
1030 2461 1086 2538 sit,
1109 2482 1213 2545 neque
1234 2484 1346 2527 rursus

62 2547 93 2611 in
113 2551 211 2617 mal'us
240 2571 494 2644 quantumcunque
523 2581 563 2626 eo
586 2560 762 2636 addideris,
797 2558 834 2621 in
855 2580 915 2624 suo
939 2576 1058 2643 genere
1080 2555 1259 2619 manebit.'’
1305 2560 1345 2623 de

61 2643 149 2709 Fine.
168 2647 225 2713 111.
247 2654 300 2728 10,
323 2653 371 2718 tt.

134 2742 337 2825 Ἀξιοιίστως,
358 2750 539 2829 cumflde,
559 2750 801 2835 probabiliter.
845 2746 958 2831 „Nihil
977 2747 1020 2810 'ab
1052 2764 1092 2809 eo
1122 2755 1185 2808 tana
1216 2746 1347 2825 α’ξιοπί·

61 2858 130 2911 mnf
146 2836 174 2915 0.
192 2860 220 2903 e.
240 2851 297 2905 tam
318 2845 464 2929 apposite
486 2848 527 2911 ad
548 2847 814 2928 persuadendum)
839 2842 917 2920 dici,
940 2862 1036 2928 qnam
1052 2838 1263 2905 alienissimos
1284 2863 1345 2908 nos

61 2949 152 2994 wer
171 2930 334 3002 ciam!
378 2942 418 3005 ad
439 2942 510 3009 Ati.
532 2940 637 3005 XIII.
662 2940 724 3016 37,
748 2940 781 3004 2.
1123 2992 1127 2999 ,

119 3027 270 3113 'librtas
300 3034 536 3111 enuntiatum,
569 3032 751 3126 effatum,
786 3031 993 3099 enuntiatio.
1049 3031 1200 3114 „Nempe
1230 3030 1345 3094 strudo-

44 3129 158 3185 mun
170 3123 347 3191 dialecticae
365 3139 429 3205 est,
455 3128 608 3214 quidquid
627 3128 807 3197 enuntietur
830 3128 877 3208 (id
898 3139 1003 3191 autern
1022 3124 1185 3208 appellant
1199 3126 1342 3210 ἀξίωμα,

44 3216 117 3293 qnod
133 3229 176 3280 est
195 3221 283 3302 qnasi
303 3222 458 3303 effatum)
488 3233 542 3287 aut
565 3244 677 3287 rerum
700 3244 770 3287 esse
796 3233 851 3286 aut
876 3219 1034 3287 salsum.'’
1078 3219 1186 3283 Acad.
1209 3218 1259 3284 11.
1283 3222 1343 3297 29,

44 3307 363 3397 95·-,lixplicauda
386 3316 435 3381 ris
456 3328 505 3381 est
525 3317 677 3402 ratioque
698 3315 970 3393 enuntiationum,
995 3335 1076 3403 quae
1099 3313 1217 3377 Graeci
1247 3318 1347 3397 ἀξιώ-

44 3428 122 3481 ματα
140 3410 288 3474 rocant.'’
312 3413 355 3474 de
376 3412 461 3477 Fato
484 3417 521 3495 1,
546 3416 577 3477 1.
591 3448 632 3461 -
647 3412 707 3487 „si
729 3423 777 3477 est
797 3422 906 3483 motus„
925 3410 994 3476 sine
1017 3434 1133 3493 cansa,
1156 3428 1222 3475 non
1243 3411 1346 3476 oannis

43 3498 206 3579 ommno,
229 3507 320 3589 quod
342 3507 473 3591 ἀξίωμα
495 3506 652 3571 dialectici
673 3506 851 3590 appellant,
886 3518 940 3570 ant
962 3528 1039 3571 vera
1062 3523 1117 3575 sut
1137 3504 1217 3570 salsa
1239 3507 1312 3571 erit.
1324 3506 1344 3534 '³

46 3592 164 3660 letan
184 3601 238 3676 10,
274 3601 331 3664 20.
354 3634 397 3647 -
454 3600 653 3675 ¹‚Contendit
679 3622 790 3666 omnes
812 3621 932 3666 nervos
956 3601 1178 3688 Chrysippus,
1212 3611 1248 3667 ut
1271 3619 1346 3682 per·

47 3689 149 3753 mitat
166 3712 255 3758 omne
277 3698 412 3780 ἀξίωμα
430 3708 483 3759 ant
504 3718 616 3761 rerum
639 3717 710 3760 esse
733 3706 788 3761 aut
808 3696 966 3761 falsum‚''
990 3700 1030 3761 de
1052 3700 1137 3765 Fato
1162 3698 1215 3772 10,
1232 3696 1288 3757 21.
1304 3724 1346 3736 -

54 3781 151 3855 „0¹¹2
164 3790 434 3869 pronuntiatum
454 3790 516 3871 (sic
537 3790 620 3857 enim
643 3789 717 3867 mihi
739 3789 771 3855 in
794 3790 972 3877 praesentia
995 3794 1155 3869 occurrit,
1180 3801 1216 3854 ut
1237 3786 1346 3870 appel-

54 3868 123 3974 lu
139 3883 276 3968 ἀξίωμα,
303 3895 376 3951 utar
392 3884 567 3967 portatio,
591 3884 619 3948 si
640 3882 796 3951 invenero
818 3884 950 3965 melius)
972 3887 1003 3949 id
1027 3908 1109 3973 ergo
1131 3896 1181 3952 est
1201 3901 1347 3966 pronun-

54 3973 147 4045 ΜΠ,
165 3981 247 4060 qaod
271 3990 323 4042 est
346 4000 458 4044 verum
481 3991 536 4043 aut
556 3978 710 4044 salsum.''
735 3980 836 4045 Tusc.
860 3980 889 4043 l.
915 3982 932 4042 't'
945 4022 955 4056 ,
987 3982 1039 4043 14.
1063 4013 1106 4026 -
1155 3974 1264 4041 Hodie
1281 3994 1347 4036 ma-

47 4056 174 4132 fflffltin'
189 4092 259 4136 cnm
285 4070 466 4137 Aristotele
488 4072 650 4156 accipiunt
671 4094 732 4155 pro
748 4072 936 4150 enuntiato„
960 4075 1051 4159 quod
1071 4094 1112 4137 ox
1135 4092 1170 4134 se
1192 4066 1348 4153 intelligi-

41 4160 101 4217 tnr:
127 4164 174 4224 aed
189 4164 296 4231 Stoici
319 4169 358 4229 de
386 4167 503 4251 quovis
525 4166 690 4237 enttntiato
713 4166 880 4244 dicebant,
916 4169 1005 4249 quod
1035 4167 1192 4230 interdum
1215 4160 1347 4229 etfacit

37 4246 212 4323 dtitloteleu
267 4261 318 4324 V.
340 4260 516 4345 Menagins
538 4265 578 4327 ad
599 4261 769 4327 Laiirtium
792 4260 876 4326 vll.
901 4261 957 4325 tt.
981 4263 1066 4325 Eur.

100 4348 277 4430 'Andrum
307 4354 465 4439 apathia.
523 4358 681 4438 „Pyrrho
702 4367 808 4421 autem
839 4355 1022 4435 (censuit),
1055 4376 1091 4419 ea
1113 4356 1186 4434 (res
1209 4350 1345 4431 medias)

37 4456 66 4499 ¹²
82 4443 185 4509 tetttue
206 4448 338 4531 quidem
361 4448 560 4532 sapientcms
596 4472 676 4537 quae
698 4449 849 4517 ἀπάθεια
870 4449 1064 4513 nominatur.
1088 4448 1194 4511 Acad.
1218 4446 1265 4511 11.
1282 4445 1342 4519 12,

38 4531 95 4595 130.
104 4538 150 4599 ubi
158 4541 208 4604 alii
220 4541 337 4627 legunt
351 4565 361 4607 r
378 4565 461 4629 quae
473 4548 592 4625 ἀπαθῆ
604 4544 647 4625 (i.
657 4566 687 4609 e.
697 4542 1082 4630 quoenonseutiuntur)
1098 4539 1315 4605 nominantur.
1325 4538 1345 4562 ’⁹

100 4630 338 4713 ‘hammam
362 4640 512 4722 Maugel
531 4660 578 4703 on
598 4639 772 4725 Bilduug,
796 4639 835 4700 de
851 4657 911 4711 eo,
935 4633 1123 4720 quilitteris
1146 4645 1178 4698 et
1200 4630 1345 4696 doctrina

42 4738 90 4783 ¹⁰¹
108 4738 150 4789 est
168 4733 333 4796 excultus.
378 4733 488 4813 „Erat
507 4733 690 4799 hominibus
712 4743 788 4796 nota
809 4751 876 4794 non
897 4729 953 4793 illa
974 4729 1100 4815 quidem
1123 4730 1342 4800 ἀπαιδευσία,

44 4815 130 4883 telin
147 4821 183 4888 iis
202 4827 309 4893 rebus
329 4826 514 4914 ἁτριψία.”
558 4830 599 4893 ad
618 4829 692 4895 Art.
714 4823 819 4893 XIII.
843 4825 904 4904 16,
930 4826 962 4887 1.
