3214 5586
111 350 116 359 ’
163 355 225 425 iil
457 366 459 373 “
648 355 800 429 INDEX
820 356 1005 429 LEGUM.

250 496 466 581 „Agrariam
499 498 556 562 Ti.
589 498 766 562 Gracchus
798 496 900 581 legem
933 498 1072 562 serebat.
1130 497 1232 562 Grata
1263 510 1332 562 erat
1355 496 1486 582 populo.

166 592 330 656 Fortunae
352 591 504 655 constitui
527 590 706 655 tenuiorum
726 590 929 655 videbantur.
974 590 1169 656 Nitebantur
1183 605 1294 656 contre
1311 593 1488 675 optimates,

166 688 253 768 quod
273 696 305 749 ct
329 685 519 753 discordiam
539 686 672 753 excitari
694 684 862 761 ridebant,
885 700 934 762 et,
959 708 1030 750 cnm
1047 686 1224 773 locupletes
1239 687 1513 768 possessionibus„

164 778 320 851 diuturnis
346 793 567 856 morerentur,
598 779 733 863 spoliari
756 800 824 843 rcm
850 760 1022 861 publicam
1030 782 1330 866 propugnatoribus
1358 781 1491 859 arbitra·

164 873 310 945 baetnrl’
354 894 416 957 pro
439 874 545 939 Sestio
567 874 627 950 18,
654 875 727 940 103.
812 890 815 901 ·
1182 918 1186 931 .
1311 900 1319 934 ι
1507 880 1513 961 ‚J

248 970 388 1050 „Audes
399 968 525 1063 etiam,
557 969 672 1046 Rulle,
704 968 894 1033 mentionem
922 969 1031 1037 lacere
1052 968 1134 1053 legis
1155 971 1406 1054 Semproniae?
1435 992 1492 1037 neo
1547 1008 1550 1016 ·

164 1074 196 1125 te
223 1084 259 1126 sa
284 1063 367 1125 lex
358 1084 426 1146 rpse
450 1074 651 1139 commonet,
683 1063 868 1126 triumuiros
895 1064 970 1126 illos
991 1064 1144 1129 XXXV.
1168 1064 1307 1129 tribuum
1337 1065 1491 1150 sullregio

165 1179 235 1221 esse
258 1156 408 1222 creatos?
431 1158 566 1220 Etcum
590 1166 625 1221 ιιι
646 1178 663 1220 ι
688 1157 743 1224 Ti.
766 1157 914 1221 Gracchi
936 1157 1096 1241 aequitate
1119 1180 1157 1222 ac
1171 1162 1296 1242 pudore
1311 1160 1491 1245 longissime

165 1265 308 1316 remotus
328 1251 390 1329 sis,
413 1250 462 1326 id,
487 1255 573 1337 quod
597 1250 805 1314 dissimillima
824 1250 951 1314 ratione
966 1251 1085 1315 lactum
1107 1251 1165 1331 sit,
1190 1257 1303 1319 eodem
1319 1254 1389 1319 iure
1404 1266 1493 1343 putes

166 1364 235 1415 este
257 1345 460 1427 oportere?''
483 1348 521 1411 de
544 1346 609 1430 leg.
633 1360 705 1429 sgr.
728 1345 778 1409 11.
803 1346 859 1422 te,
881 1346 935 1410 31.

252 1437 352 1511 Conf.
375 1439 569 1507 Plutarchus
590 1440 623 1507 in
646 1438 711 1513 rite
734 1439 793 1505 Ti:
814 1439 955 1507 Gracchi
976 1463 1048 1526 cap.
1072 1442 1202 1529 8-11.

1095 1550 1102 1607 l

597 1657 815 1722 Srmrnoursr
837 1661 877 1724 C·
900 1658 1062 1723 Gracchi.

253 1815 405 1898 „Ecquid
422 1829 490 1895 est,
515 1821 603 1903 quod
623 1830 686 1881 tam
709 1817 843 1901 proprie
866 1816 927 1883 dici
948 1817 1051 1899 possit
1068 1829 1173 1893 actum
1189 1817 1273 1896 eins,
1297 1820 1494 1906 quircgatus

166 1913 248 1981 iere
268 1913 480 1993 publicarum
497 1923 657 1995 potestate
679 1911 879 1994 imperioque
902 1924 1047 1979 versatus
1068 1913 1129 1989 sit,
1154 1935 1247 1998 quam
1272 1914 1350 1986 lex?
1374 1915 1494 2073 {ruere

166 2018 236 2071 acta
260 2006 415 2073 Gracchis
438 2007 526 2091 leges
547 2007 771 2089 Semproniae
794 2006 1035 2088 proferentur.”
1079 2007 1222 2091 Philipp.
1247 2008 1277 2077 Ι.
1302 2011 1339 2085 7,
1366 2012 1382 2072 1
1408 2053 1417 2073 .

251 2103 317 2182 „G
341 2101 537 2177 Gracchus,
564 2099 686 2164 Tiberii
701 2099 819 2176 frater,
843 2099 989 2163 tribunus
1006 2101 1110 2183 plebis
1133 2104 1176 2182 (a.
1194 2124 1227 2165 ιι.
1245 2125 1274 2165 c.
1294 2103 1404 2184 oso),
1428 2102 1492 2177 elo·
1537 2172 1540 2183 ¹

166 2193 317 2278 quentior
336 2216 428 2277 qnam
446 2194 571 2270 irater,
605 2193 803 2278 perniciosas
825 2196 947 2280 aliquot
971 2195 1061 2279 leges
1083 2197 1172 2272 tulit,
1207 2196 1291 2263 inter
1314 2218 1394 2283 quas
1405 2197 1494 2290 sru-

166 2288 390 2365 mesariam,
426 2300 460 2351 ut
487 2288 615 2355 semisse
643 2301 674 2352 et
702 2288 818 2352 triente
840 2289 1033 2355 frumentum
1063 2288 1149 2373 plebi
1179 2293 1331 2371 daretur;
1368 2294 1493 2361 alteram

166 2383 272 2468 legens
291 2382 492 2466 agrariam,
525 2404 618 2469 quesn
642 2394 674 2451 et
696 2383 796 2449 irater
824 2381 891 2446 eius
914 2385 1050 2459 tulerat3
1083 2383 1208 2447 tertiam
1229 2384 1491 2470 (iudiciariam),

166 2499 228 2562 qua
248 2489 428 2561 equestrem
454 2476 617 2554 ordinem,
643 2487 810 2541 tuncrum
833 2490 946 2541 senatu
966 2478 1235 2557 consentientem,
1259 2493 1490 2566 corrumperet,

78 2618 81 2629 ,
166 2583 201 2637 ιιι
224 2570 367 2638 sexcenti
390 2593 432 2635 cx
458 2572 618 2654 equitibus
641 2570 673 2634 in
696 2572 817 2635 curiam
839 2574 1102 2658 sublegerentur,
1127 2585 1160 2639 ct
1188 2575 1263 2659 qnia
1289 2574 1354 2641 illis
1378 2589 1493 2660 tempo·

165 2666 254 2733 ribus
276 2665 410 2731 trecenti
437 2677 557 2731 tantum
581 2677 747 2743 senatores
774 2679 881 2743 erant,
913 2668 1056 2733 sexcenti
1083 2669 1206 2753 equites
1230 2671 1384 2733 trecentis
1408 2692 1492 2739 sens·

165 2761 290 2825 toribus
318 2760 586 2835 admiscerentur,
623 2761 739 2835 idest,
774 2773 810 2823 ιιι
831 2774 981 2848 equester
1012 2766 1094 2829 ordo
1116 2763 1165 2826 bis
1187 2775 1307 2827 tentum
1335 2764 1444 2843 virium
1465 2764 1494 2829 in

164 2866 277 2927 senatu
293 2855 445 2919 haberet.
469 2867 500 2917 et
513 2855 700 2921 continuato
715 2854 746 2917 in
762 2856 895 2921 alterum
912 2879 1025 2923 annum
1044 2857 1226 2934 tribunatu,
1251 2858 1380 2942 legibus
1397 2878 1495 2943 agra·

167 2949 232 3017 riis
254 2948 325 3012 latis
346 2948 470 3022 effecit,
495 2956 530 3011 ut
555 2949 738 3030 complures
763 2949 910 3013 coloniae
932 2951 963 3014 in
990 2951 1083 3016 ltalia
1106 2953 1358 3030 deducerentur,
1388 2965 1418 3017 et
1438 2972 1494 3015 ιιιιι

164 3044 198 3109 in
219 3044 291 3111 solo
315 3042 439 3119 dirutae
462 3041 684 3126 carthagine
718 3065 785 3128 qun
808 3044 877 3127 ipse
899 3044 1048 3115 triumvir
1071 3057 1198 3110 creatus
1219 3046 1383 3113 coloniam
1403 3048 1493 3113 dedu·

165 3136 250 3203 xit.’'
295 3137 373 3201 Lir.
368 3136 488 3218 Epit.
513 3138 591 3202 Lx.

253 3230 344 3311 „Qui
372 3232 428 3312 (C.
458 3231 652 3313 Gracchus)
678 3252 750 3299 crim
780 3254 902 3299 summa
929 3235 1034 3317 quiete
1065 3235 1160 3300 animi
1184 3235 1324 3317 civitatis
1349 3235 1492 3321 princeps

127 3328 134 3345 ¹
165 3345 236 3391 esse
258 3313 384 3407 posset,
410 3323 462 3388 rel
491 3324 696 3389 vindicandae
714 3327 876 3391 fraternae
900 3329 1011 3393 mortis
1034 3329 1137 3415 grstia
1159 3332 1213 3395 rel
1235 3332 1493 3436 praeveniendae

166 3419 283 3524 regalis
312 3418 472 3500 potentiae
496 3418 634 3483 eiusdem
662 3420 798 3528 exempli
823 3420 1054 3487 tribunatum
1044 3445 1227 3508 ingressus,
1257 3427 1358 3511 longe
1379 3424 1493 3488 maiora

165 3524 197 3579 et
220 3512 344 3576 acriora
369 3524 536 3595 repetens,
569 3515 664 3581 dabat
688 3514 848 3581 civitatem
871 3519 1018 3582 omnibus
1041 3517 1180 3596 Italicis,
1216 3524 1409 3587 extendebat
1428 3536 1492 3600 eam

164 3627 265 3689 paene
295 3628 396 3691 nsque
425 3607 538 3690 Alpis,
573 3609 735 3673 dividebat
761 3631 878 3694 agros,
916 3614 1043 3675 vetabat
1075 3634 1263 3699 quemquam
1292 3611 1492 3696 civem'plus

165 3700 348 3786 quingentis
372 3701 537 3786 iugeribus
555 3704 692 3780 hebere,
717 3707 805 3788 quod
828 3705 997 3790 aliquando
1023 3708 1096 3791 lege
1115 3708 1241 3773 Licinia
1264 3720 1391 3775 caustum
1412 3716 1490 3777 eret?

165 3817 250 3861 nora
272 3798 487 3859 constituebat
506 3797 674 3877 portoria,
707 3799 799 3861 novis
824 3799 959 3865 coloniis
980 3801 1126 3883 replebat
1151 3803 1362 3885 provincias,
1384 3798 1491 3865 iudicis

166 3912 184 3959 s
204 3901 315 3955 senatu
335 3889 549 3953 transferebat
571 3892 609 3952 ad
626 3889 765 3976 equites,
790 3892 982 3959 trumentum
1003 3894 1092 3976 plebi
1112 3895 1182 3959 dari
1199 3896 1397 3971 instituerat3
1419 3891 1490 3971 nihil

96 4008 102 4027 ι
165 3984 349 4058 immotum,
373 3983 450 4046 nihil
471 3984 692 4069 tranquillum,
724 3986 801 4053 nihil
826 3986 968 4070 quietum
990 3987 1127 4073 denique
1150 3990 1182 4053 in
1205 3993 1318 4057 eodem
1339 4000 1423 4061 stetu
1442 4007 1489 4051 re·

166 4080 340 4164 linquebat.
344 4077 362 4102 ”
394 4078 512 4143 Vellei.
537 4078 585 4142 11.
609 4079 645 4155 6,
670 4080 703 4144 3.
727 4115 768 4127 -
792 4082 852 4154 „In
875 4082 1000 4165 legibus
1023 4084 1171 4151 Gracchi
1188 4083 1272 4151 inter
1292 4077 1489 4168 perniciosis·

168 4174 263 4248 simas
279 4172 521 4249 nurnerarerim,
539 4176 627 4256 quod
643 4184 733 4237 extra
746 4127 869 4241 Italiam
884 4176 1027 4241 colonias
1039 4178 1172 4260 posuitss
1176 4178 1316 4245 ’Vellei
1330 4180 1378 4243 ll.
1396 4175 1488 4251 ld‚1·

257 4269 329 4334 Τῶν
355 4262 464 4375 κόρων
494 4260 551 4356 οὓς
579 4263 725 4360 εἰσέφερε
753 4271 797 4360 sq]
799 4265 911 4380 ὃηριῳ
931 4268 1146 4356 χαριζόμενος
1166 4279 1222 4341 καὶ
1244 4268 1415 4341 καταλύων
1435 4263 1491 4348 τὴν

169 4356 367 4446 σύγκλητον,
391 4354 410 4425 ὁ
423 4358 514 4446 μὲν
499 4384 539 4440 ην
560 4358 836 4471 κληρουχικὸς
857 4358 1024 4449 ἀνανέμων
1039 4375 1109 4479 τοῖς
1123 4371 1237 4449 πένησι
1253 4367 1312 4451 τὴν
1326 4364 1489 4454 oportun

104 4472 107 4477 ·
170 4452 188 4523 ὁ
211 4457 246 4522 δὲ
232 4449 566 4564 ὲστρατιωτικός
587 4456 676 4537 ἕσθη
679 4450 720 4522 τοι
741 4480 775 4520 τε
796 4451 932 4527 κελεύων
953 4427 1096 4551 λημοσὶρ
1115 4467 1340 4552 χορηγεῖσθαι
1360 4464 1415 4527 καὶ
1432 4480 1490 4542 μη·

170 4553 226 4618 ὁὲν
254 4542 299 4625 εἰς
327 4548 425 4614 τοῦτο
460 4548 518 4629 τῆς
555 4549 778 4657 μισθοφορᾶς
806 4545 1033 4639 ὑφαιρεῖσθαι
1062 4557 1125 4622 τῶν
1149 4558 1413 4667 στρατευομένων
1438 4551 1490 4615 καλ

168 4638 325 4752 νεώτερον
346 4642 425 4709 ἐτιῖιν
445 4644 661 4711 ἑπτακαίδεκα
681 4639 727 4729 μὴ
748 4647 998 4731 καταλέγεσθαι
1014 4646 1234 4737 στρατιώτην,
1256 4646 1324 4721 dds*
1347 4668 1490 4752 σνμμα·

170 4733 286 4829 χικὸς
309 4731 503 4831 ισοψήφαυς
523 4739 626 4805 ποιῶν
646 4742 715 4814 τοῖς
731 4739 886 4819 πολίταις
907 4765 984 4822 τοις
1006 4740 1253 4828 Ἰταλιώτας,
1237 4773 1257 4815 σ
1284 4749 1319 4813 δὲ
1341 4732 1489 4813 σιτικὸς

61 4876 64 4881 «
174 4833 369 4915 insensiles
389 4858 459 4911 τοις
478 4836 593 4914 πένησι
615 4828 674 4914 την
693 4828 835 4925 ἆγοραν,
859 4831 878 4902 ὁ
900 4839 936 4903 δὲ
958 4837 1219 4920 δικαστικός,
1240 4829 1267 4932 ᾧ
1287 4836 1326 4907 τὸ
1345 4840 1487 4917 clupeos
