3220 5572
359 324 362 327 Ι
466 380 620 452 INDEX
640 381 825 451 LEGUM.
1246 384 1306 448 121

57 521 199 607 paueeiu,
219 520 319 607 quiin
340 542 433 586 causa
455 522 595 587 Verriaa
618 544 648 586 a.
671 545 704 587 u.
727 521 802 588 683.
825 520 990 608 quaesitor
1011 508 1092 599 duit,
1117 535 1242 590 constat
1263 546 1307 587 ex
1416 518 1424 525 “

60 615 184 681 Audin
202 617 293 683 Verr.
315 638 346 680 c.
370 618 421 680 17.
470 617 555 680 Lata
576 628 624 680 est
646 628 749 681 autem
772 638 801 683 a.
823 639 856 680 ιι.
879 637 909 679 c.
933 615 1025 693 otu,
1056 636 1121 700 qtto
1146 639 1229 682 anno
1252 617 1307 683 ills

60 712 153 773 nuru
169 708 258 792 plebis
277 709 348 774 suit.
389 712 450 774 Est
473 731 555 775 vero
577 713 629 774 lex
651 710 693 773 de
713 709 931 794 repetundis,
971 732 1032 793 qrra
1061 710 1092 773 in
1121 710 1181 774 hac
1209 731 1307 774 causa

57 803 182 866 mutarat
194 802 478 885 comperendinatio
500 814 735 889 statutumque,
760 816 795 867 ut
817 824 876 885 una
894 805 1065 888 eademque
1086 803 1209 867 actione
1231 824 1307 867 reus

56 895 89 958 ul
107 896 293 960 absolveretur
322 896 371 959 vei
401 898 677 961 condemnaretur.
723 895 841 962 Cicero
872 897 972 961 Verr.
1003 901 1080 961 Act.
1110 899 1157 963 11.
1187 897 1247 960 lib.
1275 899 1306 961 1.

53 1010 72 1049 c.
86 988 106 1053 1,
126 990 162 1051 sic
180 987 377 1054 Hortensium
399 989 515 1054 Verris
540 990 739 1055 defensorem
768 989 958 1073 alloquitur:
993 991 1060 1055 Hic
1085 1001 1124 1054 tu
1137 987 1307 1082 fortasse

47 1081 95 1147 eir
108 1080 242 1166 diligens,
262 1104 304 1146 ne
318 1102 422 1167 pisam
436 1104 501 1167 ego
517 1084 640 1147 horam
658 1082 700 1145 de
715 1083 799 1146 meis
818 1082 984 1167 legitimis
1000 1084 1096 1148 liaris
1118 1083 1305 1149 remittam.

46 1173 102 1238 mu
118 1177 193 1238 omni
211 1188 379 1261 tempore,
412 1176 506 1260 quod
534 1175 618 1241 milei
642 1178 717 1261 lege
743 1197 941 1249 concessum
966 1189 1035 1252 est,
1071 1178 1201 1242 abusus
1225 1197 1306 1253 ero,

43 1288 160 1350 purast
184 1268 277 1333 decim
300 1281 402 1354 atque
423 1269 600 1338 hominum
614 1269 731 1347 sebna
755 1269 976 1352 implorabis,·
1007 1269 1246 1334 circumueniri
1266 1275 1306 1337 C.

45 1363 167 1438 Verrem,
177 1363 260 1446 quod
273 1373 457 1427 accusator·
471 1364 556 1427 nolit
570 1363 722 1436 tamdiu,
739 1363 904 1447 quamdiu
919 1363 1036 1438 liceat,
1053 1364 1177 1428 dicere.
1207 1365 1309 1448 Quod

42 1453 101 1515 milri
114 1455 161 1517 lea
182 1477 253 1520 mea
273 1476 380 1519 casua
404 1455 479 1531 det,
502 1477 543 1520 eo
567 1456 652 1519 milri
673 1476 742 1519 non
767 1455 819 1519 uti
841 1476 912 1520 non
934 1456 1072 1521 licebit?
1093 1460 1189 1523 Nam
1208 1480 1309 1521 acciu

40 1546 112 1610 randi
128 1548 198 1612 milri
218 1561 353 1633 tempus
375 1569 450 1612 mea
471 1571 578 1613 cauma
602 1550 809 1623 datumst,
834 1561 873 1613 ut
893 1572 1031 1633 possem
1055 1551 1213 1616 oratione
1233 1573 1310 1615 mea

31 1733 123 1819 jacto,
135 1737 186 1800 sed
197 1737 236 1800 de
253 1759 330 1801 meo
345 1736 421 1801 iure
434 1736 566 1820 aliquid
581 1747 615 1799 et
628 1736 808 1800 commodo
823 1734 980 1800 detraho.
1006 1735 1166 1810 „Causam
1185 1738 1265 1801 enim
1277 1739 1309 1814 ,”

39 1824 130 1910 irpu't:
147 1831 319 1915 ,cognosci
341 1829 512 1912 oportet’'.
556 1832 612 1898 Ea
625 1829 831 1914 renuidem,
855 1830 948 1914 quad
965 1830 1067 1894 aliter
1088 1830 1311 1896 condemnari

40 1939 105 1996 rcus,
121 1925 256 2007 quamuis
278 1924 325 1989 sit
346 1916 485 2001 nocens,
509 1944 579 1987 non
596 1934 724 2006 potest.
767 1923 810 1988 Id
828 1923 940 2006 igitur
961 1934 1001 1986 tu
1025 1926 1165 1988 moleste
1187 1923 1310 2000 tulisti,
1388 1996 1390 2003 ¹

40 2016 377 2109 ameuliquidfactum
395 2037 488 2092 ease,
511 2038 580 2100 quo
600 2016 714 2080 minus
729 2016 793 2079 iste
811 2017 1031 2081 condemnari
1041 2029 1172 2101 posset.
1215 2018 1311 2083 Nam

44 2125 114 2170 tuuc
128 2112 253 2195 cognita
273 2111 376 2175 multi
393 2122 542 2194 possunt
563 2108 712 2185 absolui,
734 2110 912 2195 incognita
931 2112 1068 2196 quidem
1090 2110 1312 2175 condemnari

47 2216 233 2287 turpetur.
276 2203 420 2280 ,Adiuro
444 2203 524 2267 enim
551 2202 898 2286 comperendinatum.''
940 2206 1042 2289 Quod
1066 2207 1166 2270 habet
1191 2206 1250 2268 lenc
1274 2203 1312 2266 in

48 2310 74 2353 tt
86 2297 346 2373 mitissimum,
369 2297 422 2362 bie
442 2308 481 2360 ut
504 2318 612 2361 eausa
636 2297 792 2375 dicatur,
815 2309 877 2361 aut
899 2319 976 2366 mea
995 2321 1102 2363 causa
1124 2297 1244 2381 potius
1259 2308 1313 2360 est

47 2386 230 2468 ιθιιιιίιιιιιιιιι,
258 2412 366 2477 quam
388 2403 467 2465 tua,
497 2403 559 2454 aut
579 2389 686 2455 nihilo
711 2404 774 2454 tua
793 2390 931 2473 potius,
961 2412 1065 2475 quam
1086 2413 1172 2454 rnen.
1216 2392 1313 2457 Nam

44 2476 217 2548 diiudicare
238 2496 292 2549 est
307 2484 541 2560 commodum,
565 2495 655 2548 certe
670 2484 850 2567 utriusque
864 2504 1043 2547 commune
1065 2498 1124 2548 est.
1167 2484 1206 2548 Si
1220 2504 1310 2556 eum,

41 2569 84 2650 qli
92 2578 239 2657 posterius
262 2579 374 2654 dixit,
404 2599 494 2660 opus
519 2589 570 2641 est
596 2574 781 2660 redargui,
813 2577 1025 2641 moueatoris
1046 2597 1170 2651 causa,
1202 2587 1241 2639 ιιι
1261 2575 1314 2639 lris

40 2680 175 2747 meran,
206 2671 432 2736 constitutum
459 2681 523 2734 est.
577 2674 722 2745 Verum,
754 2681 794 2732 ιιι
823 2670 966 2752 apinam,
1002 2671 1150 2734 Glaucia
1176 2670 1313 2755 primur

39 2758 104 2835 ula,
121 2775 153 2827 ut
170 2765 531 2849 comperendinaretur
553 2785 654 2836 reus,·
675 2774 778 2827 antea
796 2766 848 2827 uel
868 2762 1152 2847 iudicari.pr·imo
1173 2775 1314 2847 poterat

41 2852 243 2939 uismpiiua
269 2857 508 2943 pronuntiari.
553 2860 675 2921 Utrum
693 2857 822 2941 igitur!
831 2868 938 2940 putas
964 2859 1074 2941 legem
1100 2850 1314 2922 molliorem'ii

41 2941 124 3023 opinor
134 2951 221 3016 illam
235 2964 395 3029 ueterem,
408 2953 537 3035 puauel
547 2962 616 3014 erto
626 2950 756 3013 absolui
771 2954 823 3014 uel
835 2950 934 3013 tarde
948 2952 1169 3017 condemnari
1180 2944 1313 3015 licebat.

39 3034 153 3117 Egotibr'
172 3045 267 3109 illam
294 3043 429 3109 Aciliam
449 3046 560 3128 legem
586 3043 747 3119 restituo,
770 3065 840 3128 qua
861 3045 936 3126 lege
962 3045 1063 3108 multi
1087 3048 1193 3109 semel
1214 3066 1314 3108 accu-

35 3130 96 3208 sai,
114 3140 208 3203 semel
227 3139 325 3202 dicta
350 3157 473 3211 amesa,
507 3139 611 3201 semel
634 3137 763 3201 auditis
785 3136 945 3209 testibrss,
981 3138 1197 3202 condemnati
1221 3148 1313 3211 sunt,

34 3239 206 3312 *tunquam
235 3243 311 3296 tam
342 3227 541 3322 manifestis
572 3251 679 3315 nsque
708 3231 816 3295 tantis
848 3229 1066 3306 criminibus,
1099 3230 1237 3317 quantis
1275 3241 1316 3293 tu

33 3317 213 3389 metauris.
255 3328 404 3391 Putate
426 3325 673 3388 nonlractam
693 3323 821 3400 atroci,
853 3324 914 3388 sed
938 3326 1000 3389 iila
1024 3328 1099 3408 lege
1131 3323 1315 3388 mitissima

34 3426 138 3507 fautum
160 3418 291 3483 atcere.
328 3419 523 3483 Accusabo:
555 3416 791 3501 respondebis3
812 3417 1080 3482 restituendum
1102 3419 1154 3482 ita
1178 3417 1316 3480 mittam

35 3510 249 3588 uenantum,
273 3524 331 3588 ut,
355 3512 492 3576 etiamsi
515 3514 575 3575 leae
600 3510 791 3594 ampliandi
808 3507 935 3600 saciat
954 3512 1177 3594 potestatem,
1201 3522 1316 3573 tamen

37 3590 76 3656 iui
94 3611 180 3686 turpe
209 3608 278 3671 sibi
306 3607 522 3682 existiment,
557 3626 625 3669 non
652 3607 768 3688 primo
793 3603 959 3668 iudicare.
1004 3606 1080 3668 Hoc
1102 3605 1176 3669 loco
1206 3605 1316 3667 Hoto·
1435 3667 1436 3671 ,

40 3701 113 3756 Μῠι
133 3698 226 3764 Obss.
250 3701 280 3765 1.
312 3703 362 3762 14.
397 3721 459 3782 pro
487 3698 594 3763 verbis
622 3699 718 3762 illam
741 3697 891 3764 Aciliam
918 3697 1040 3781 corrigi
1066 3697 1194 3763 iubebat
1221 3696 1318 3758 illam

42 3782 188 3869 ffimw,
212 3794 265 3857 vel
287 3793 383 3856 illam
401 3792 602 3868 Caeciliam,
626 3811 689 3876 qua
709 3794 747 3855 de
769 3789 919 3874 opinione
936 3791 984 3855 sic
1003 3791 1120 3856 indicat
1140 3790 1317 3854 Graevius:

45 3868 189 3963 afflues,
219 3888 336 3970 quibus
359 3886 551 3969 scriptorum
577 3896 610 3948 et
635 3884 792 3949 editorum
818 3885 986 3948 lectionem
1014 3884 1177 3967 impugnat
1207 3881 1316 3947 Hoto-

43 3975 152 4062 &is
167 3978 466 4063 observationibus,
489 3989 557 4043 tres
577 3990 661 4044 sunt.
705 3977 834 4054 Prima,
859 3976 931 4061 qrria
950 3977 1002 4040 lex
1022 3976 1137 4042 Acilia
1153 3971 1318 4056 posterior
1351 4046 1354 4057 Ι

41 4058 194 4158 n{idttriiia
215 4084 248 4136 et
275 4073 349 4138 ideo
375 4070 535 4146 atrocior,
566 4084 601 4135 ut
626 4071 766 4135 ostendit
792 4092 833 4133 ex
862 4069 934 4134 Cic.
957 4066 1016 4133 tib.
1040 4069 1087 4137 11.
1114 4069 1153 4130 de
1180 4065 1316 4141 officiisa

36 4145 91 4214 hm
106 4179 154 4227 tec
183 4166 361 4232 molliorem
394 4188 462 4230 eam
491 4163 552 4229 dici
578 4185 682 4248 posse·
708 4185 766 4228 nec
794 4175 950 4251 veterem,
985 4183 1056 4226 cum
1080 4161 1123 4225 sit
1143 4158 1316 4225 recentior.

33 4240 134 4348 ᾹῘῙΜ,
163 4259 237 4344 qnia
258 4263 346 4324 tarda
372 4258 596 4324 condemnatio
617 4258 682 4343 legi
704 4257 836 4329 Aciliae
857 4277 923 4320 non
946 4257 1133 4333 conveniat,
1168 4275 1261 4338 quam
1288 4252 1318 4317 ei

31 4339 124 4409 micat
140 4349 274 4430 Cicero,
299 4354 444 4417 camilla
469 4351 687 4436 ampliationes
708 4363 739 4414 et
768 4349 1116 4433 comperendinationes
1140 4346 1317 4421 sustulerit,

32 4435 94 4534 “fit
115 4446 238 4508 tarditas
263 4446 427 4510 manandi
456 4447 593 4513 oriatur.
638 4445 763 4519 Tertia,
798 4447 886 4528 quod
915 4465 979 4509 non
1006 4441 1109 4527 possit
1135 4439 1319 4505 mollissima

31 4523 217 4627 fidedic,
239 4560 307 4604 cam
334 4539 479 4607 Asconio
502 4539 624 4604 dicatur
646 4536 858 4603 severissima.
903 4540 968 4603 Sed
989 4559 1007 4600 a
1032 4557 1135 4618 scopo
1158 4532 1320 4598 aberravit

31 4634 70 4680 ¹¹⁸
86 4623 283 4699 inclusimus.
325 4634 450 4701 Verum
477 4644 526 4697 est
550 4634 655 4718 legem
676 4629 826 4697 Aciliam
846 4652 915 4697 esse
937 4629 1150 4715 posteriorem
1174 4626 1319 4703 Servilia,

30 4712 133 4811 {iiico
152 4744 275 4808 quoque
301 4725 500 4792 severiorem
520 4726 574 4790 iila
596 4747 684 4804 esse,
719 4724 863 4789 nimirum
883 4724 916 4789 in
943 4724 1056 4808 poenis
1081 4720 1317 4808 exasperandis,

32 4799 91 4869 ’Μ
110 4816 260 4884 sustulerit
284 4803 651 4907 comperendinatiiaem
679 4830 711 4884 et
737 4818 984 4903 ampliationem.
1027 4816 1082 4884 Sic
1098 4820 1151 4884 lex
1171 4814 1318 4891 Seruitia,
