3328 5576
262 402 303 469 29
846 406 998 474 INDEX

252 505 392 638 finiit·
443 549 591 632 suptus
613 549 721 632 prius,
752 570 845 635 quam
867 572 939 612 crum
969 549 1078 634 atiquo
1108 545 1274 611 amicitiam
1304 545 1401 611 iacias
1429 546 1595 631 fidemque

262 642 398 717 hahens,
422 647 590 727 quomodo
612 666 646 707 se
667 662 745 728 erga
768 645 850 708 aiios
873 645 992 707 amicos
1016 642 1169 725 gesserit,
1194 664 1255 725 qua
1280 643 1341 704 iide
1363 641 1396 704 in
1418 641 1499 705 aiios
1521 643 1597 705 isre-

146 818 151 829 ,
262 734 326 800 rit:
349 756 390 798 ex
411 737 593 819 prarcqrua
616 738 814 821 Epicharmi.
839 741 923 803 Eau.
944 742 986 802 ad
1009 739 1052 817 Q.
1076 738 1120 800 ir.
1144 736 1212 801 111.
1236 758 1288 818 cp.
1311 740 1342 800 1.
1365 759 1396 799 c.
1422 742 1459 813 7,
1491 738 1546 801 23.

346 831 456 897 [aaut
479 833 633 908 σεαυτόν,
667 852 768 897 nosce
797 845 830 896 te
862 833 988 916 ipsum.
1044 832 1223 904 „Cessator
1243 852 1313 894 esse
1337 830 1422 895 nod:
1458 842 1489 895 et
1512 832 1597 894 iilud

262 930 364 1009 mida
388 928 527 993 σεαυτὸν
551 928 618 991 unii
647 938 762 1009 putare
788 930 828 990 ad
855 928 1071 1012 arrogantiam
1102 926 1299 990 minuendam
1323 926 1425 989 solum
1449 946 1519 989 esse
1542 928 1596 989 ‹ti-

262 1030 367 1094 ctum,
392 1041 503 1083 verum
526 1020 618 1084 etiam
641 1033 677 1084 ut
699 1024 782 1086 bona
805 1034 921 1085 nostra
939 1020 1093 1084 norimus.
1103 1021 1121 1043 ’'
1166 1024 1205 1083 ad
1229 1021 1272 1099 Q.
1289 1020 1332 1083 ir.
1356 1020 1422 1084 111.
1445 1022 1481 1094 6,
1515 1026 1547 1082 7.

345 1114 501 1194 Psarela,
532 1116 761 1200 praestigiae,
787 1114 972 1193 fallaciae.
1018 1117 1116 1199 „Ego
1139 1125 1243 1177 autrm
1265 1134 1331 1177 nou
1352 1126 1415 1176 tam
1438 1127 1597 1198 yoqracar

258 1205 353 1270 huius
375 1207 490 1283 tuneo,
516 1230 609 1294 quam
633 1210 895 1293 aesdardynqu.''
939 1210 1245 1286 stArr.lx.13,
1277 1210 1310 1270 1.

345 1298 434 1368 Γόνυ
456 1304 594 1387 κνήμης,
616 1325 710 1388 gaurs
731 1305 817 1368 titia
838 1325 884 1369 sc.
906 1305 1038 1388 propius
1061 1318 1129 1378 est;
1162 1304 1387 1386 proverbium,
1410 1308 1498 1390 qrsod
1521 1327 1596 1368 eam

260 1394 326 1457 vim
348 1397 466 1472 habet,
503 1420 597 1481 quam
621 1400 847 1463 Terentianum
870 1399 972 1462 iilud:
1002 1399 1193 1464 Proximus
1221 1420 1300 1462 arum
1325 1411 1461 1480 egomet
1491 1400 1598 1463 mihi.

261 1490 399 1552 Nostri:
438 1494 515 1556 Das
536 1494 667 1557 [demde
688 1494 734 1557 ist
756 1494 825 1556 mir
845 1496 954 1557 1161111
974 1496 1028 1557 als
1057 1493 1118 1555 sier
1148 1496 1257 1563 diocle.
1310 1494 1390 1557 Vid.
1423 1493 1599 1558 Theocrit.

260 1582 357 1663 lsylt.
380 1585 482 1648 xvl.
508 1587 559 1649 18.
587 1589 673 1651 Enu.
718 1590 789 1652 Nec
819 1598 923 1650 tamen
955 1598 987 1650 te
1010 1604 1115 1650 avoco
1137 1608 1153 1649 a
1175 1588 1380 1671 syngrapha:
1409 1588 1487 1672 γόνυ
1517 1592 1600 1668 κνή-

258 1703 329 1761 μης.
374 1681 653 1747 111Γ1111.ΧἮ.
678 1682 736 1756 23,
761 1682 793 1748 2.

343 1774 487 1858 Iboyetu
512 1777 635 1860 γυμνά,
663 1779 780 1840 laruae
802 1776 930 1840 nudae.
976 1779 1015 1838 ad
1037 1776 1109 1841 Ars.
1133 1776 1197 1840 IV.
1220 1777 1278 1853 16,
1310 1776 1342 1839 9.
1389 1774 1439 1840 De
1461 1797 1603 1841 accussa-

201 1900 204 1907 ·
261 1864 389 1930 toribus
418 1869 565 1946 Gabinii,
599 1871 653 1955 qui
684 1872 850 1935 absolutus
880 1883 965 1946 erat,
1000 1874 1105 1956 quod,
1141 1873 1406 1956 quemadmodum
1435 1870 1538 1933 nudas
1568 1884 1604 1935 et

261 1958 372 2023 inanes
394 1962 505 2026 tarrae
526 1975 650 2028 terrent
671 1965 743 2028 iliae
766 1966 904 2049 quidem,
928 1967 986 2028 ssd
1008 1965 1079 2028 veri
1101 1966 1205 2028 damni
1227 1965 1353 2048 quidem
1376 1963 1495 2027 afferre
1518 1965 1604 2028 nihii

262 2067 414 2137 possunt,
436 2055 479 2120 ita
503 2058 673 2121 Gabinium
696 2072 899 2123 accusatores
921 2071 1121 2134 terruerant,
1147 2058 1223 2121 nihil
1244 2060 1273 2122 ei
1295 2070 1483 2122 nocuerant.
1507 2060 1602 2122 Eau.

347 2152 586 2235 Ιῖομνασιῶδη,
619 2165 706 2237 opta
734 2155 936 2241 gymnasio.
993 2156 1071 2235 „Tu
1093 2153 1212 2229 veiim,
1252 2153 1280 2217 si
1313 2173 1374 2238 qua
1408 2165 1604 2217 ornamenta

263 2240 476 2328 you-raiseddq
505 2248 649 2330 reperire
671 2249 816 2331 poteris,
849 2270 931 2333 quae
954 2247 1019 2312 lori
1040 2248 1102 2311 sint
1125 2247 1208 2323 eius,
1241 2268 1333 2332 quem
1356 2261 1389 2311 tu
1411 2268 1476 2311 oon
1501 2250 1603 2333 iguo·

265 2359 338 2414 ras,
372 2361 411 2404 na
433 2344 709 2425 praetermittas.'’
752 2347 791 2407 ad
814 2345 886 2407 Au.
911 2346 941 2409 1.
966 2347 1001 2421 6,
1035 2345 1067 2409 2.
1090 2376 1130 2387 -
1183 2343 1321 2424 „Genus
1344 2344 1408 2407 hoe
1428 2353 1477 2404 est
1500 2341 1602 2404 volu·

262 2432 358 2514 ptaris
381 2457 491 2501 meae:
523 2458 606 2523 quae
627 2439 839 2525 γομτασιῶδη
862 2437 999 2502 maxime
1020 2449 1110 2513 arsut,
1134 2458 1171 2501 ea
1194 2437 1360 2522 quaero.'’
1387 2433 1473 2499 Ibid.
1497 2434 1538 2510 9,
1564 2436 1600 2499 2.

816 2688 819 2693 4
896 2617 945 2700 A.

279 2866 283 2875 ,
353 2817 530 2901 Δαίμονες,
562 2819 685 2880 Lares.
731 2815 850 2898 „Quos
873 2817 995 2881 Graeci
1017 2823 1178 2901 δαίμονας
1201 2815 1377 2899 appeliant,
1407 2812 1534 2889 nostri,
1564 2826 1601 2879 nt

267 2905 404 2987 opinor,
436 2911 560 2986 Lares,
591 2909 617 2972 si
641 2912 735 2973 modo
759 2911 822 2974 hoc
850 2924 939 2974 recte
968 2922 1160 2975 conversum
1185 2910 1285 2973 videri
1307 2907 1461 2992 potest.”
1507 2908 1599 2974 Tim.

264 3021 294 3066 c.
317 3003 370 3064 11.
394 3002 472 3066 Vid.
495 3003 726 3068 Onomasticon
750 3024 778 3066 1.
802 3026 836 3067 v.
860 3009 982 3071 Lares.

350 3097 552 3181 Δαιμόνιον,
576 3097 746 3173 diuinum,
777 3119 916 3162 numen.
962 3100 1062 3180 „Hoc
1084 3097 1229 3161 nimirum
1253 3097 1418 3173 esitium,
1448 3097 1531 3181 quod
1553 3097 1594 3158 de

267 3188 403 3253 Socrate
431 3191 611 3275 accepimus
640 3195 791 3276 quodque
814 3196 855 3256 nb
877 3192 948 3276 ipso
969 3193 1002 3256 in
1026 3193 1116 3256 libris
1139 3191 1380 3257 Socraticorum
1402 3210 1496 3274 saepe
1517 3190 1599 3252 dici·

193 3316 200 3325 ·
263 3295 338 3360 tur,
364 3284 445 3348 Esse
467 3284 608 3349 divinum
631 3285 798 3368 quiddam,
823 3290 911 3371 quod
932 3289 1106 3372 δαιμόνιον
1132 3284 1289 3368 appellat,
1313 3286 1364 3348 cui
1387 3305 1514 3367 semper
1528 3284 1601 3365 ipse

220 3402 222 3408 ·
264 3379 426 3462 paruerit,
451 3400 610 3464 utinquam
632 3379 823 3462 impellenti,
848 3402 945 3464 saepe
968 3380 1177 3446 revocanti.”
1202 3381 1241 3443 de
1263 3378 1376 3443 Diria.
1401 3381 1431 3445 1.
1447 3382 1501 3455 51,
1522 3378 1601 3442 122.

350 3476 538 3555 Δεδῆχθαι,
572 3494 727 3537 morsum
748 3496 841 3553 esse,
875 3477 898 3540 i.
920 3497 950 3539 e.
974 3497 1072 3560 aegre
1094 3474 1218 3538 tulisse.
1278 3477 1448 3554 Asdrixdac
1474 3486 1506 3537 te
1529 3474 1605 3538 aol-

267 3568 348 3646 lem‚
374 3571 463 3654 quod
484 3568 562 3631 nihii
584 3568 696 3632 e'rat.''
741 3572 780 3631 ad
803 3571 876 3634 Att.
899 3570 1001 3634 Xlll.
1027 3571 1085 3645 20,
1111 3571 1143 3632 1.

351 3663 465 3739 Δεινός
485 3663 590 3748 ἀνήρ·
613 3663 700 3742 τάχα
726 3690 781 3729 κεν
801 3676 859 3729 καὶ
881 3668 1032 3731 ἀναίτιον
1052 3664 1219 3746 αἰτιόῳτο,
1243 3664 1423 3728 uehemens
1445 3663 1517 3737 vir,
1541 3665 1605 3750 qui

267 3760 320 3822 aei
347 3757 518 3822 insontem
546 3777 711 3821 accusare
740 3759 880 3822 audeat.
936 3762 974 3822 ad
1004 3761 1074 3823 Att.
1098 3758 1199 3822 x111.
1226 3757 1285 3834 25,
1320 3759 1354 3821 d.
1399 3778 1439 3823 ex
1460 3760 1605 3825 Homeri

268 3853 523 3918 stium.
814 3846 822 3868 ³

184 3970 188 3975 '
354 3950 510 4033 Δέρῤεις,
541 3948 669 4029 peiles,
703 3948 894 4011 introitura.
948 3949 1003 4022 ,Ο
1025 3945 1260 4030 navigationem
1283 3951 1468 4022 amandam,
1504 3968 1606 4030 quarn

270 4040 451 4109 mehercule
480 4058 543 4126 ego
572 4041 665 4104 valde
693 4043 860 4119 timebam,
896 4045 1068 4106 recordans
1091 4041 1266 4122 superioria
1289 4054 1363 4106 tuas
1386 4036 1610 4106 transmissio·

267 4136 519 4221 οἰ111ῤῥεις.”.
544 4137 583 4198 ad
607 4137 678 4199 Att.
701 4137 768 4202 lv.
793 4140 850 4213 17,
874 4139 906 4200 1.

354 4232 513 4315 Asiaeque
540 4236 729 4317 φροντίδες,
755 4228 922 4295 sectandae
951 4251 1075 4305 curae,
1107 4230 1320 4312 posteriores
1348 4226 1610 4312 cogitationes,

268 4347 311 4391 ex
340 4325 502 4408 Euripidis
531 4325 716 4407 Hippoiyto
744 4346 778 4388 τ.
808 4326 882 4389 136.
937 4326 1141 4409 „Egdwero
1164 4322 1266 4385 11111111
1288 4329 1436 4410 δευτέρας
1464 4338 1613 4410 φροντί-

140 4454 144 4461 ,
272 4421 472 4499 <turbabere
493 4441 623 4502 possum
646 4417 677 4482 in
702 4419 850 4485 Caesaris
872 4419 1012 4482 rebus.''
1036 4421 1075 4480 ad
1096 4416 1141 4497 Q.
1164 4416 1208 4480 fr.
1232 4412 1299 4480 Ill.
1323 4440 1377 4501 ep.
1397 4420 1428 4480 1.
1445 4437 1475 4479 c.
1489 4417 1522 4491 5,
1548 4421 1612 4483 18.

355 4516 531 4602 Δημήτηρ,
560 4517 676 4580 Ceres.
730 4514 866 4594 „Mater
893 4523 997 4576 autem
1022 4521 1070 4574 est
1092 4531 1108 4572 a
1132 4509 1281 4595 gerendis
1302 4511 1451 4596 frugibus
1475 4507 1612 4590 Ceres,

268 4621 428 4694 tamquam
451 4611 574 4674 Geres:
599 4628 738 4690 casuque
760 4606 861 4688 prima
884 4606 989 4669 littora
1009 4603 1117 4668 itidem
1139 4605 1313 4680 immutata,
1338 4618 1375 4669 ut
1396 4625 1413 4666 a
1435 4604 1611 4682 Graecis3

269 4726 341 4769 nam
370 4705 411 4766 ab
438 4703 503 4768 iilis
530 4722 662 4789 quoque
690 4702 844 4788 Δημήτηρ
873 4700 963 4784 quasi
1001 4702 1055 4779 Ρῆ
1085 4699 1190 4785 μήτηρ
1226 4698 1384 4765 nominata
1415 4697 1506 4762 est.''
1568 4704 1614 4766 de

270 4801 349 4872 liat.
370 4798 477 4863 Deor.
499 4798 548 4863 ΙΙ.
571 4798 629 4873 26,
654 4795 709 4857 67.
932 4828 936 4835 -

170 4968 177 4983 ,
358 4897 481 4983 asna.
505 4896 545 4958 aa
566 4895 639 4981 aq.
663 4891 748 4983 vu.
771 4890 810 4992 1,
834 4890 886 4963 so.
901 4856 1016 4975 noca.
1034 4891 1115 4977 uam
1139 4885 1264 4955 Lunir
1285 4890 1362 4953 soca
1380 4898 1456 4953 suu
1476 4892 1613 4989 xoeos,
