3220 5572
260 412 301 478 92
856 402 1007 481 INDEX

346 558 564 637 Στιονὸσῖζειν,
597 556 707 633 serio,
743 557 784 621 de
812 558 912 621 rebus
942 556 1062 629 seriis,
1098 577 1217 641 agere.
1271 553 1445 641 „Longior
1477 566 1582 619 alitem

260 650 418 733 (epistola
437 651 589 733 suisset),
613 652 640 715 si
662 653 814 736 φλύαρον
835 652 969 736 aliquem
993 650 1172 715 habuisset:
1196 672 1266 712 nam
1299 651 1493 729 σπουδάζειν
1518 648 1584 711 sine

259 746 404 828 periculo
428 746 482 808 vix
503 746 711 828 possumus.’'
755 748 908 817 aquam.
931 746 1014 809 XV.
1039 746 1093 809 18.

221 831 226 839 ’
344 843 536 907 Σιτοσὸσῐον
563 844 672 917 οὐδέν,
698 841 828 904 serium
854 841 958 915 nihil,
994 852 1047 902 aut
1077 841 1164 925 quod
1186 838 1315 902 alicuius
1335 838 1428 921 pretii
1452 835 1515 913 sit,
1556 848 1586 899 ut

260 938 298 998 de
323 958 358 1000 re
382 934 520 1017 publiea.
566 939 784 1017 ,Σπουδαῑον
810 939 903 1001 οὐδὲν
929 935 958 997 in
983 956 1145 1012 sermone,
1173 935 1337 1020 φιλόλογα
1360 932 1500 997 mttlta.'’
1551 934 1586 994 ad

257 1028 456 1095 11111111.
480 1033 539 1107 52,
564 1030 596 1098 2.

258 1179 260 1183 «
343 1125 625 1212 Σπονδαιότερον;
659 1125 802 1210 gravius
830 1138 863 1190 et
892 1123 1002 1208 magis
1024 1124 1167 1186 serium.
1221 1125 1350 1205 „Quam
1376 1138 1518 1198 vereor,
1551 1144 1585 1185 ne

259 1219 335 1304 quid
363 1219 461 1282 fuerit
489 1221 753 1304 σπουδαιότερον·
773 1220 804 1283 in
834 1219 871 1282 iis
901 1217 1071 1298 (litteris),
1106 1240 1183 1301 quas
1211 1240 1274 1283 tion
1303 1218 1429 1302 accepi,
1465 1216 1584 1301 quibus

258 1312 392 1378 rescribi
415 1313 505 1378 vis!”
536 1317 575 1377 ad
596 1319 669 1379 Au.
693 1315 739 1377 V.
763 1316 800 1389 3,
829 1316 862 1378 9.

343 1407 495 1490 Σιιουδῆ,
523 1410 694 1484 studium,
721 1431 912 1518 propensa
918 1412 1088 1473 noluntas.
1136 1407 1386 1505 „tergiversari
1408 1407 1526 1481 nolui,
1554 1430 1585 1469 ne

259 1525 328 1566 mea
352 1502 445 1565 nimia
469 1504 593 1583 σπονδὴ
617 1503 829 1585 suspicionem
848 1504 875 1568 ei
899 1500 1063 1588 aliquam
1053 1502 1285 1585 rmportaretss'
1309 1506 1348 1565 ad
1369 1504 1462 1565 Fam.
1482 1502 1586 1565 XVI.

259 1598 316 1673 21,
346 1598 444 1659 6.-
488 1600 585 1679 „Nee
614 1597 723 1661 mihi
714 1621 744 1661 m
774 1600 834 1663 hae
861 1597 986 1683 quidem
1013 1618 1048 1661 re
1074 1595 1245 1682 quidquam
1276 1597 1375 1681 magis
1405 1609 1440 1659 ut
1468 1597 1586 1658 vellem

259 1690 402 1754 accidere
424 1651 547 1774 potiiit,
576 1712 669 1775 quam
697 1696 784 1777 qood
810 1693 934 1772 σπουδή
958 1704 1067 1757 nostra
1084 1714 1155 1757 ¹uon
1178 1703 1225 1755 est
1247 1693 1424 1775 probata.'’
1449 1693 1493 1754 ad
1521 1697 1586 1754 Art.

257 1786 359 1850 XIII.
384 1786 443 1862 27,
472 1793 502 1849 1.

342 1880 480 1956 Στάσις,
511 1893 637 1944 status.
690 1880 881 1963 „Refutatio
895 1888 898 1895 “
912 1893 1017 1945 autern
1040 1879 1268 1959 accusationis,
1296 1878 1326 1943 in
1350 1900 1411 1964 qus
1434 1879 1584 1961 depulsio

258 1973 415 2049 criminis,
440 1996 521 2058 qum
537 1975 661 2038 Graece
683 1977 799 2052 στάσις
822 1975 955 2051 dieitur,
980 1970 1097 2038 Latine
1114 1975 1291 2058 appelletur
1313 1985 1442 2037 status:
1468 1975 1508 2036 in
1529 1996 1583 2058 que

256 2068 393 2150 primum
417 2066 533 2131 insistit
555 2070 645 2152 quasi
662 2073 702 2132 ad
722 2072 961 2155 repugnandum
981 2091 1155 2153 congressa
1180 2066 1366 2134 delensioss
1411 2069 1513 2151 Top.
1533 2071 1579 2143 91,

257 2162 311 2226 93.
357 2161 499 2245 Proprie
525 2175 573 2225 cst
599 2164 785 2247 gladiatoris
808 2166 847 2227 ad
869 2167 1073 2250 pugnandum
1093 2165 1143 2228 vel
1167 2166 1405 2247 repugnandum
1428 2184 1465 2226 se
1492 2186 1585 2247 prac-

139 2300 142 2313 ·
252 2246 400 2339 parantis
430 2267 461 2318 et
489 2256 691 2321 consistentis
721 2270 794 2341 apte
821 2261 860 2321 ad
889 2261 1106 2343 pugnandum.
1160 2257 1289 2323 Dicitur
1317 2257 1410 2320 etiam
1442 2261 1584 2347 gradus,

141 2372 147 2391 ι
255 2354 339 2415 rrnde
361 2354 400 2414 de
422 2355 513 2414 statu
533 2364 564 2414 et
589 2355 626 2415 de
654 2355 754 2436 gradu
777 2326 912 2416 deiicere
939 2353 1065 2418 dicitur.
1111 2354 1197 2416 Euu.

340 2449 541 2532 Στερέμνιιι,
575 2447 703 2523 solida,
725 2448 892 2525 firmo.
912 2448 1047 2529 „Docet
1080 2446 1277 2529 (Epicurus)
1313 2469 1380 2510 eam
1412 2467 1490 2510 esse
1519 2449 1588 2512 *vim

256 2552 456 2604 straturam
485 2572 524 2582 -
559 2542 709 2618 deorum,
746 2553 779 2604 ut
807 2540 945 2625 primum
969 2564 1031 2605 noo
1052 2564 1164 2617 sensu,
1199 2544 1255 2604 sed
1280 2552 1383 2603 urente
1410 2556 1587 2617 cernatur,

255 2656 315 2698 nec
336 2635 496 2699 soliditate
519 2639 670 2720 quadam,
694 2656 753 2698 oce
775 2637 814 2699 ad
837 2658 1019 2709 numerum,
1045 2648 1079 2700 ut
1102 2658 1159 2709 ea,
1184 2626 1265 2717 qttad
1286 2635 1342 2699 ille
1365 2648 1512 2717 propter
1537 2639 1590 2701 tir·

255 2728 394 2792 mitatem
418 2742 590 2816 στερέμνια
616 2731 770 2813 appellat,
794 2734 850 2793 sed
872 2728 1082 2813 imaginibus,
1107 2723 1309 2795 similitudine
1333 2742 1363 2792 et
1390 2730 1589 2795 transitione

254 2823 458 2907 perceptis.'’
502 2826 540 2886 de
563 2825 639 2887 Nat.
664 2824 768 2891 Deor.
793 2825 821 2887 I.
848 2825 904 2901 19,
933 2825 986 2887 19.

276 2912 280 2923 “
340 2919 536 3005 Σττρητικσῖ,
561 2918 751 3000 privantia.
795 2920 899 2993 „Sunt
920 2918 1000 2982 enim
1023 2919 1082 2982 alia
1109 2917 1289 2992 contraria,
1314 2939 1394 3001 quae
1418 2916 1591 2999 privantia

255 3011 331 3103 lieet
352 3014 546 3095 appellemus
567 3010 701 3086 Latine,
737 3013 854 3076 Graeci
879 3014 1039 3097 appellant
1063 3011 1274 3098 στερητικά.”
1319 3014 1498 3095 Top.,11,
1536 3015 1590 3076 18.

340 3106 532 3190 Στερκτέον,
565 3104 802 3189 probandum,
836 3108 937 3192 crepui
966 3108 1110 3192 bonique
1139 3107 1399 3170 consulendum.
1457 3107 1592 3187 „Quod

255 3201 398 3263 evenerit
413 3201 513 3285 igitur
528 3213 559 3264 et
573 3204 661 3287 quod
676 3200 801 3286 egeris,
826 3201 858 3265 id
879 3216 1048 3288 στερκτέον
1064 3204 1219 3283 putabo.”
1244 3204 1283 3264 ed
1302 3203 1372 3264 Au.
1390 3200 1458 3263 IX.
1478 3202 1543 3275 to,
1564 3207 1593 3261 7.

339 3295 512 3378 Στεφάνη,
543 3317 684 3359 corona.
735 3295 965 3377 „Parmenides
992 3297 1117 3382 quidem
1148 3294 1403 3358 commenticium
1429 3294 1594 3377 qttiddam

255 3411 404 3454 coronae
427 3388 625 3451 similitudine
648 3347 765 3452 efficii:
790 3393 984 3472 Stepltanen
1006 3390 1163 3471 appellat,
1187 3389 1369 3452 continente
1392 3389 1524 3451 ardore
1548 3391 1596 3452 lu-

256 3482 819 3566 1116111111,611111161111111111,
846 3483 1262 3598 11111111τψρτΙΙτιῑτΙοιιιο.ν
1307 3481 1592 3548 deNat.Deor.

293 3673 487 3761 ,Στίλβων
515 3667 722 3762 (fulgens),
751 3673 851 3735 steila
870 3646 1056 3737 Mercurii.
1103 3671 1220 3754 „Insrn
1246 3682 1349 3734 autem
1375 3670 1462 3731 hunc
1491 3664 1596 3736 sitella

253 3763 412 3829 Mercurii
443 3776 508 3827 est·
542 3784 581 3829 ea
613 3771 753 3846 στίλβων
785 3766 966 3848 appellatur
1002 3787 1019 3829 a
1049 3764 1223 3829 Graecis'
1282 3768 1320 3889 dc
1353 3766 1431 3828 Nat.
1472 3762 1595 3831 Deor.

294 3902 486 4038 ’Eropyqss
519 3972 637 4029 amor,
665 3954 850 4036 pieton„
852 3953 917 4035 ‚Sit
940 3958 1078 4038 στοργῆς
1105 3954 1178 4016 licet
1200 3975 1319 4016 summa
1342 3944 1519 4031 σῦντηξις,
1551 3965 1601 4018 ta·

254 4070 323 4110 rnen
347 4069 405 4110 uos
428 4058 515 4109 reete
536 4046 644 4110 lacere
666 4050 797 4111 etbene
820 4006 927 4110 eiidire
951 4047 1060 4110 volt.''
1104 4050 1143 4111 ad
1166 4049 1237 4111 Att.
1261 4049 1306 4111 X.
1331 4048 1370 4123 8,
1395 4046 1427 4110 9

337 4140 575 4246 Στρατηνηιια,
600 4130 781 4204 eonsilium
802 4142 1084 4259 imperatorium„
1109 4154 1331 4224 strategema.
1378 4139 1601 4219 „Consilium

252 4234 358 4298 illud
349 4235 586 4317 imperatorium
609 4232 687 4310 suit,
712 4237 801 4318 qrtod
822 4216 939 4299 Graeci
959 4234 1172 4322 orpcun'mpa
1196 4235 1396 4317 appellant.’
1441 4238 1483 4299 de
1509 4241 1601 4303 Nat.

252 4328 357 4394 Deor.
383 4329 432 4393 11.
455 4331 491 4402 6,
518 4332 568 4393 15.

337 4424 565 4507 Στρστύλλσξ,
589 4424 894 4531 imperatorffculus
919 4444 978 4505 per
999 4435 1215 4513 contemptum
1239 4428 1277 4489 de
1300 4422 1461 4489 Antonio.
1490 4430 1606 4504 „Le-

252 4531 326 4603 ptae
355 4518 529 4581 litterarum
561 4519 739 4637 exemplum
767 4517 824 4579 tibi
852 4506 938 4591 misi3
969 4540 1009 4580 ex
1032 4540 1098 4602 quo
1123 4517 1199 4581 mihi
1221 4519 1346 4583 videtur
1372 4478 1607 4606 orpatdilta}

252 4613 305 4676 itte
328 4611 467 4674 deiectus
490 4614 527 4683 de
552 4613 694 4694 gradu.''
740 4614 778 4672 ad
801 4613 871 4674 Au.
894 4612 995 4675 XVI.
1019 4612 1077 4688 15,
1101 4613 1133 4677 3.

337 4707 564 4790 Σύγγραιιμσ.
593 4706 690 4768 liber.
736 4706 876 4786 „Habeo
904 4706 1053 4770 volumen
1077 4708 1333 4799 prooemiorum.
1379 4708 1433 4771 Ex
1456 4730 1501 4772 eo
1534 4714 1608 4776 eli-

252 4821 330 4883 gere
359 4798 470 4875 soleo,
506 4820 576 4861 cum
602 4757 751 4882 aliquod
757 4801 958 4885 σύγγραμμα
980 4798 1142 4864 institui.’'
1192 4805 1230 4863 ad
1252 4803 1322 4867 Au.
1347 4802 1450 4866 XVI.
1476 4805 1522 4879 6,
1566 4811 1604 4873 4

252 4894 464 4980 Σύγνραμμα
497 4905 546 4955 est
576 4891 727 4974 scriptum
761 4897 974 4979 quodeunque
1005 4906 1039 4958 et
1069 4917 1109 4958 ex
1144 4918 1272 4980 quoque
1306 4912 1466 4982 genere.
1462 4894 1606 4966 Nam
