3214 5586
304 343 376 410 2⁵2⁴
604 370 608 375 ·
786 342 939 410 nunnx
957 342 1142 411 nnennt.

190 549 193 553 .
303 484 504 559 innocentes,
538 484 599 548 elis
625 484 844 550 huiuscemodi
869 483 940 550 fieri
963 505 1120 567 coepere.
1153 495 1219 549 tnm
1247 483 1302 548 lex
1326 484 1445 551 Pereia
1471 486 1575 574 sliseqse

305 590 453 661 punctae,
487 578 602 663 quibus
624 579 756 664 legibus
772 578 915 643 exsilium
941 580 1094 643 dementis
1118 578 1340 662 permissum.”
1384 578 1489 643 Solent.
1507 580 1576 647 cnu

304 674 442 750 51,1(1.
476 704 516 719 -
548 676 626 753 „Ae
656 675 695 736 de
723 673 827 737 servis
853 672 962 737 alienis
985 683 1098 738 contre
1125 673 1228 757 legem
1256 672 1388 737 Fabium
1415 676 1525 739 retentis
1543 688 1577 741 nst

303 769 342 830 sle
365 766 487 831 civibus
508 765 663 830 Romanis
685 780 797 831 conten
814 768 917 853 legem
937 769 1097 832 Porciam
1117 767 1296 831 verberetis
1319 778 1374 831 ant
1393 771 1498 832 necans
1513 770 1578 850 plen

303 860 433 925 dicenda
459 872 550 937 sunt,
586 883 657 924 eum
680 871 771 925 moto
794 860 901 925 stnndie
924 859 967 926 C.
993 861 1146 925 Rabirius
1171 861 1268 925 totins
1290 860 1437 944 Apulise‚
1464 861 1577 947 singulari

214 960 216 969 ’
303 955 469 1020 voluntate
485 953 668 1039 Campanae
684 954 850 1019 vicinitatis
867 954 1049 1020 ornetur?”
1071 976 1134 1038 pre
1155 955 1269 1019 Rebir.
1293 956 1332 1032 3,
1356 956 1389 1019 8.
1411 988 1450 999 -
1468 956 1578 1036 „Peneis

302 1050 356 1113 lex
378 1049 488 1135 virgas
513 1053 553 1113 ab
575 1049 713 1112 emnium
739 1049 855 1112 civium
876 1053 1098 1115 Romanorum
1121 1071 1263 1134 corpore
1285 1050 1423 1114 emoritt
1454 1049 1499 1112 bic
1515 1048 1596 1115 nint·

303 1142 407 1207 ricers
436 1143 563 1228 flagella
591 1143 724 1207 rettulit.
770 1144 895 1211 Porcia
924 1145 976 1207 l'ex
1006 1144 1183 1207 libertatem
1215 1142 1330 1208 civium
1359 1143 1461 1208 licteri
1482 1142 1596 1224 neuin}

302 1238 484 1312 stienus,
516 1239 616 1302 homo
644 1236 827 1321 populeris,
862 1237 1004 1301 cornifici
1024 1237 1187 1303 tradidit.'’
1219 1257 1281 1320 pre
1305 1238 1420 1303 Rabir.
1442 1239 1476 1312 1,
1498 1236 1576 1300 11.-

304 1333 385 1415 ,,Τιι
406 1331 481 1395 mibi
504 1332 597 1396 etiem
621 1332 700 1418 legis
722 1332 881 1407 Porciae,
904 1343 939 1395 tn
966 1331 1007 1397 C·
1031 1332 1190 1408 Gracchi,
1214 1344 1249 1395 tn
1267 1334 1383 1397 herum
1398 1331 1543 1403 libertatis,
1558 1316 1596 1391 tnl

303 1425 488 1510 cuiusquam
508 1426 644 1509 denique
667 1426 803 1492 heminis
823 1426 990 1509 populeris
1015 1426 1205 1490 mentionem
1234 1426 1331 1501 iscis,
1364 1419 1418 1511 qui
1439 1445 1497 1488 sen
1515 1422 1596 1511 neele¹

303 1519 465 1603 suppliciis
494 1519 665 1597 inusitatis,
699 1523 757 1585 sed
784 1521 878 1585 etism
908 1523 1079 1584 verborum
1107 1520 1244 1583 iueudits
1267 1520 1469 1594 crudelitate,
1499 1519 1578 1582 neten

303 1616 478 1679 libertatem
502 1613 595 1678 buius
617 1616 745 1698 pepuli,
763 1627 893 1679 tentare
916 1616 1200 1694 suensuetudinetn,
1222 1628 1418 1678 commutare
1434 1611 1596 1695 disciptinn

303 1720 436 1776 cenatos
459 1708 543 1774 es?¹’
573 1730 635 1791 pre
659 1710 773 1775 Rebir.
799 1712 834 1786 1,
860 1710 911 1774 13.
936 1741 976 1753 -
999 1711 1051 1790 „O
1074 1730 1188 1775 nemen
1212 1710 1305 1774 dulce
1327 1708 1497 1773 libertetisl
1523 1707 1593 1785 eiu

303 1803 452 1869 eximium
474 1816 605 1868 nestrae
629 1804 784 1869 civitatis!
816 1826 837 1869 o
863 1806 916 1868 lex
937 1805 1063 1870 Pereia
1083 1805 1235 1888 legesque
1257 1800 1520 1884 Sempronisel‘o
1537 1810 1596 1889 gut

307 1895 389 1960 riter
411 1894 587 1962 desiderate
610 1912 641 1962 et
663 1899 835 1985 aliquunde
856 1899 979 1962 redditu
1001 1898 1086 1981 plebi
1103 1900 1266 1963 Rensnnne
1282 1895 1450 1963 tribunicia
1466 1886 1593 1977 ponens?

304 1990 430 2055 Hucine
452 1993 575 2055 tandem
598 1993 702 2056 omnin
725 1994 924 2071 reciderunt,
950 1991 1082 2056 uncinis
1105 1990 1268 2056 Hennaeus
1289 1991 1320 2054 in
1337 1989 1495 2074 provincis
1508 1982 1591 2070 popei

305 2084 458 2159 Rotnani,
483 2085 514 2149 in
536 2086 658 2169 oppido
679 2087 937 2162 foederatorum,
962 2090 1001 2149 ab
1023 2107 1077 2160 ee,
1102 2086 1157 2170 qnti
1181 2084 1338 2149 beneficio
1361 2084 1471 2167 pepuli
1488 2077 1578 2146 Reuni

306 2179 411 2242 fasces
433 2190 464 2242 el
487 2199 616 2244 secures
638 2183 786 2255 baberet,
810 2181 968 2265 deligatus
990 2180 1022 2244 in
1042 2180 1117 2245 iero
1142 2180 1240 2264 uirgis
1263 2176 1495 2244 coedes-eturl'¹
1514 2172 1596 2237 ven

305 2274 352 2337 V.
376 2273 436 2351 63,
461 2275 533 2337 153.
569 2274 658 2338 ceni.
674 2275 807 2339 Gellius
829 2277 875 2339 Χ.
899 2277 936 2350 3,
962 2275 1012 2338 13.
1034 2305 1076 2319 -
1105 2275 1234 2357 „Atque
1256 2275 1281 2337 is
1304 2296 1376 2336 cnm
1400 2270 1536 2336 eiusmodi
1549 2268 1578 2335 sil

303 2378 407 2430 temen
429 2371 524 2432 elidet
546 2367 671 2433 dicere:
704 2368 980 2461 Ofortunetem
1001 2381 1120 2433 netem
1141 2390 1193 2432 me
1215 2370 1355 2431 consule
1377 2368 1528 2432 Romam!
1551 2360 1596 2423 lt

303 2464 436 2527 cemele
456 2464 670 2539 fortunatum,
701 2462 841 2529 Cicero?
878 2465 972 2528 imnue
1000 2485 1080 2528 vero
1105 2462 1263 2527 infelicem
1290 2474 1321 2525 et
1352 2461 1507 2533 miserem,
1533 2474 1580 2537 qut

303 2557 560 2631 crudelissimam·
576 2558 844 2640 proscriptionem
872 2557 988 2621 cirinum
1016 2578 1166 2642 perpesse
1195 2569 1258 2632 est,
1290 2579 1362 2619 cusu
1389 2568 1423 2619 tn
1448 2554 1579 2638 perturbtlt

303 2672 338 2713 re
362 2651 486 2733 publice
507 2663 592 2716 metu
608 2653 778 2735 perculsos
794 2654 1026 2717 emuessbenos
1047 2673 1161 2734 peren-e
1176 2649 1357 2713 crudelitati
1378 2661 1452 2713 tuae
1472 2648 1578 2730 negebut
1593 2618 1596 2699 l

303 2766 374 2807 cum
398 2745 502 2809 omnin
527 2746 661 2822 iudicia,
683 2767 796 2811 omnes
818 2746 906 2831 leges
927 2745 959 2809 in
978 2758 1031 2808 tun
1058 2745 1183 2808 libidine
1206 2756 1314 2817 erent3
1338 2766 1412 2807 cum
1434 2755 1481 2818 tu,
1501 2739 1578 2802 runnu

300 2838 376 2929 lege
398 2840 540 2916 Porcia,
562 2852 673 2922 erepte
690 2843 853 2916 libertate,
878 2854 1023 2905 nostrum
1046 2839 1186 2905 omnium
1205 2841 1289 2903 vitae
1312 2838 1466 2923 necisque
1484 2843 1578 2919 petente

303 2944 366 2996 tem
389 2936 429 2996 ed
452 2945 482 2996 te
504 2956 597 2998 unnuu
621 2935 870 3009 revocareris.”
915 2936 1156 3000 Pscudesnlust.
1180 2935 1209 2997 iu
1235 2933 1307 2999 Cic.
1334 2936 1372 3008 1,
1400 2936 1432 2998 5.

387 3030 444 3092 Μ.
467 3028 582 3095 Porcii
603 3030 744 3099 Catonis
767 3028 920 3095 Censorii
945 3031 1024 3093 hene
1048 3031 1151 3115 legem
1166 3014 1245 3093 'esse
1264 3026 1425 3093 existimet
1448 3028 1486 3091 P.
1506 3023 1574 3087 Mur

305 3121 378 3185 tius.
424 3124 487 3186 Sed
502 3123 528 3185 si
550 3125 627 3187 hece
645 3126 696 3188 lex
718 3136 765 3187 est
787 3126 914 3197 eadem,
938 3146 1020 3208 quise
1035 3124 1076 3188 de
1092 3122 1338 3207 prouocatione
1355 3104 1571 3197 leudeinupi

304 3213 379 3279 mibi
401 3216 438 3279 fit
461 3216 648 3294 verisimile,
673 3221 801 3302 quande
818 3232 985 3303 utrumque
1001 3221 1039 3280 ed
1055 3218 1232 3283 libertatem
1251 3216 1369 3279 ciuium
1386 3215 1566 3298 pertinent!

306 3309 439 3376 Catonis
456 3323 504 3374 est
525 3333 560 3374 cs
577 3312 646 3390 lex,
666 3316 724 3376 sed
738 3317 778 3378 P.
794 3314 910 3378 Porcii
925 3317 1055 3377 Laecae
1072 3312 1189 3375 tribuni
1205 3310 1306 3394 plebis
1328 3332 1358 3373 s.
1377 3331 1408 3375 u.
1427 3291 1569 3383 555.ιῷ

304 3404 409 3486 placet
421 3405 637 3490 etismPiginie
650 3408 691 3469 sd
704 3408 787 3469 hunc
802 3427 915 3470 ennium
931 3409 1028 3486 (Anu.
1043 3408 1142 3471 Rem.
1157 3409 1199 3469 Τ.
1216 3405 1264 3469 Il.
1281 3426 1315 3486 p.
1331 3406 1395 3469 255
1407 3405 1482 3486 sep).
1493 3395 1573 3478 Slglsl

305 3512 336 3562 et
352 3501 429 3564 Ant.
445 3498 641 3585 Augustino.
663 3504 715 3566 An
728 3502 805 3563 buce
820 3501 873 3564 lex
885 3500 1131 3582 imperatoribus
1146 3499 1194 3562 ius
1210 3499 1242 3562 in
1256 3499 1359 3579 cupita
1377 3497 1491 3562 ciuiuus
1503 3490 1576 3587 11εῇ

303 3594 346 3659 rit
361 3593 391 3657 io
409 3596 506 3668 belle,
524 3596 634 3678 quaeri
650 3607 768 3677 potest.
807 3596 871 3657 Sed
882 3608 970 3659 reete
988 3607 1105 3679 negant
1118 3592 1270 3677 Sigonius
1286 3603 1318 3655 et
1329 3581 1577 3655 Dulseruseibttl

304 3688 392 3771 Epit.
408 3689 461 3752 51.
480 3690 562 3752 Eun.
587 3687 674 3765 (Cir.
691 3700 795 3751 temen
808 3690 873 3753 sat.
889 3689 963 3773 lug.
978 3689 1034 3764 59,
1050 3690 1081 3751 1.
1101 3689 1179 3764 Oe.)
1203 3686 1351 3770 Pighium
1366 3697 1400 3749 ut
1412 3704 1476 3746 eam
1488 3677 1577 3744 PM*

303 3807 362 3848 cae
385 3783 580 3846 adscriberet
601 3783 731 3846 adduxit
753 3783 900 3849 denarius
920 3795 1089 3867 argenteus
1109 3779 1342 3865 antiquissimus
1365 3780 1467 3857 (cens.
1488 3762 1578 3871 Eclbtl·

304 3902 387 3946 nnun.
412 3891 476 3941 eet.
501 3890 524 3942 t.
549 3879 595 3940 V.
619 3900 652 3958 p.
678 3877 785 3955 286.)‚
809 3878 839 3939 in
864 3898 930 3961 qnte
952 3888 1085 3959 apparet
1107 3888 1235 3957 togatus
1257 3874 1308 3949 rei
1326 3872 1456 3947 habitu,
1485 3861 1579 3930 mentlll

304 3977 366 4036 sub
385 3985 463 4058 toga
480 3970 632 4054 supplicis
652 3972 685 4035 in
707 3974 835 4035 modum
857 3969 990 4046 iunctis,
1015 3985 1099 4034 stans
1126 3981 1198 4032 ante
1221 3967 1455 4052 magistratum,
1477 3958 1521 4045 qul
1535 3956 1581 4014 ³⁰¹·

242 4076 252 4107 ⁴
303 4080 382 4131 trem
413 4089 509 4151 supra
539 4078 633 4149 ceput
662 4066 708 4130 rei
737 4066 891 4129 extendit.
935 4065 1071 4129 Accedit
1098 4086 1167 4126 eum
1196 4062 1295 4145 virgis
1317 4059 1415 4124 lictor
1442 4058 1579 4136 sinequett‘

305 4183 396 4225 menn
419 4182 510 4224 tinam
534 4173 656 4225 tenens.
702 4160 799 4223 Hisce
821 4160 1033 4241 subscriptum
1056 4155 1299 4223 PROVOCO.
1345 4146 1580 4247 Abnuerapult

305 4255 426 4320 denarii
456 4257 580 4320 Romae
609 4257 701 4338 galee
729 4267 846 4317 tectum
876 4266 972 4337 caput
998 4256 1184 4334 expres'sum
1213 4262 1261 4315 est
1286 4272 1357 4313 eum
1384 4245 1489 4313 litteris
1510 4241 1579 4341 lulli

305 4353 346 4415 P.
371 4349 545 4414 LAEcu.
589 4349 759 4429 Zunnptius
781 4360 885 4412 anilem
912 4352 965 4429 (ad
989 4346 1177 4412 Ciceronem
1200 4344 1231 4408 ie
1255 4347 1354 4409 Verr.
1377 4344 1400 4406 1.
1423 4342 1472 4417 1.),
1493 4340 1579 4417 quiin

305 4446 377 4530 lege
400 4443 518 4509 Porcia
544 4444 618 4507 nihil
642 4447 681 4507 de
704 4444 936 4526 provocatione
962 4441 1103 4505 uidentur
1126 4439 1241 4514 iusisse,
1267 4439 1369 4521 legem
1393 4431 1524 4534 Periclem
1540 4432 1579 4523 ξω

304 4551 396 4621 putet
425 4541 463 4601 ad
489 4540 532 4603 Ρ.
563 4537 717 4602 Porcium
743 4539 881 4601 Leccam
911 4538 1071 4599 tribunum
1103 4533 1203 4614 plebis
1233 4532 1324 4613 (cell.
1348 4528 1464 4594 Becbie
1489 4516 1577 4620 phut·

306 4633 443 4712 Iurispr·
467 4633 563 4697 Rem.
587 4633 642 4695 lib.
668 4633 713 4697 ll.
735 4652 807 4714 cap.
832 4632 863 4694 2.
887 4636 917 4708 §.
940 4631 1008 4708 35.)
1029 4627 1208 4712 pertinere,
1234 4629 1291 4692 sed
1305 4629 1343 4689 ad
1361 4624 1507 4687 eelebrent
1521 4606 1577 4671 ntus

207 4792 210 4801 ,
306 4726 533 4792 Μ.Ῥοι·οἰιιηι
558 4725 734 4802 Catonem,
758 4726 814 4809 qtni
835 4744 905 4789 sese
925 4745 992 4806 pro
1012 4722 1165 4805 seopulis
1186 4722 1302 4785 dixisse
1325 4719 1406 4801 spud
1421 4694 1577 4794 Fesnnnnul

304 4844 343 4886 ee
366 4842 448 4886 voce
470 4821 578 4884 tradit.
623 4822 686 4885 Sed
708 4821 739 4884 in
766 4821 836 4906 lege
863 4817 980 4882 Porcia
1010 4817 1087 4880 nibil
1112 4820 1151 4880 de
1173 4814 1403 4899 prosecutione
1427 4805 1512 4871 tuine
1528 4798 1576 4855 ⁸³³⁹
