3328 5576
1027 242 1034 297 l

476 392 908 463 eunuco-usurum.
941 380 958 399 “
1310 399 1351 462 m
1448 414 1453 427 ·

13 550 17 575 ’·
72 561 128 604 nos
143 548 216 602 notu
237 532 496 615 Atheniensium,
517 535 646 619 peplum
663 535 832 602 Minervae
850 534 1073 614 consecrandi,
1096 535 1128 600 in
1152 558 1235 621 queo,
1259 552 1354 623 prse-

75 646 113 696 ter
126 633 203 715 ipnus
220 653 274 694 res
293 629 426 696 lorfiter
448 642 573 715 gestas,
598 631 689 695 etiam
705 632 850 698 virorum
863 632 997 696 fortium
1020 653 1080 696 acu
1100 631 1205 715 pictae
1228 644 1351 708 essent,
1473 692 1480 705 ,s

13 730 18 765 ⁸
75 727 215 792 mentm
242 724 478 810 Aristophane,
509 725 604 790 Snida
630 738 663 789 et
684 725 766 791 aliis.
810 728 946 792 Praeter
966 726 1177 808 interpretes,
1201 725 1275 789 vids
1303 725 1354 789 io·

13 826 15 857 ²
70 820 150 903 prinis
173 819 348 883 Menesium
378 817 411 882 in
433 818 677 883 Panathenaicis
699 842 729 883 c.
754 823 806 883 17.
830 843 901 884 narn
924 820 954 884 in
978 819 1026 883 his
1049 821 1176 903 peplum
1196 819 1276 884 illud
1298 823 1354 885 tle-

67 915 196 978 lerebatur
221 914 254 977 in
281 914 455 978 Minervae
485 916 607 977 aedem.
659 917 774 980 Utrum
805 936 885 980 vero
908 915 990 979 liber
1012 915 1172 979 Varronis
1194 918 1259 979 boc
1279 915 1352 997 ipso

62 1008 132 1073 titulo
150 1008 303 1082 estiterit,
329 1010 473 1091 adeoque
489 1007 633 1071 diversus
655 1008 697 1071 ait
719 1029 736 1071 a
760 1009 845 1073 libro
866 1009 1139 1084 hebdomadum,
1163 1009 1216 1094 qui
1239 1011 1354 1095 docto-

13 1138 15 1143 >
57 1124 108 1164 mn
133 1102 267 1167 virorum
295 1102 451 1186 imagines
478 1103 662 1167 continebat
693 1107 749 1183 (v.
780 1104 883 1169 Voss.
913 1106 952 1167 de
982 1104 1070 1167 Hist.
1098 1105 1174 1167 Lat.
1198 1103 1229 1167 1.
1254 1102 1349 1182 12),

52 1218 97 1260 sec
115 1218 169 1272 ne,
190 1198 223 1260 id
244 1199 332 1280 quod
353 1197 498 1278 Popmae
520 1197 685 1280 placebat,
709 1197 794 1260 haud
815 1198 1020 1280 improbabili
1044 1196 1245 1275 coniectura,
1269 1218 1378 1262 nrrnc·

47 1311 100 1353 ron
126 1290 252 1354 defurme
281 1291 367 1356 licet.
418 1290 613 1355 Aristoteles
636 1290 728 1354 etiam
757 1294 900 1375 Puplum
920 1291 1082 1374 inscripsit
1102 1291 1262 1369 libellum,
1297 1291 1352 1376 qui

40 1386 187 1469 epitaphia
209 1388 344 1450 heroum
367 1385 567 1459 continebat,
591 1385 680 1448 cuius
701 1385 914 1471 fragmentum
938 1407 955 1450 a
975 1383 1120 1452 Cratero
1136 1386 1237 1450 Basil.
1255 1385 1351 1451 1661.

38 1479 66 1541 in
94 1481 124 1542 t.
151 1480 286 1564 primum
315 1478 433 1543 editum
456 1480 621 1543 babemus.
665 1479 705 1542 In
727 1482 791 1544 boc
812 1480 910 1564 peplo
934 1480 1028 1543 ctiam
1051 1479 1256 1567 genealogias
1272 1481 1352 1545 ‘Ho-

38 1573 218 1638 morum
239 1573 419 1656 principum
442 1572 542 1637 fuisse
566 1576 662 1637 dccet
688 1571 846 1639 canterus
866 1572 900 1636 in
922 1573 1135 1657 praelatione.
1178 1575 1353 1642 connis·

39 1669 122 1731 bneii
143 1668 296 1734 Biblioth.
320 1671 439 1734 Graec.
463 1669 507 1730 L.
531 1667 599 1731 111.
624 1689 655 1730 c.
679 1668 710 1730 6.
733 1667 813 1732 Vol.
836 1668 884 1731 II.
907 1689 949 1749 p.·
967 1668 1041 1733 161).
1061 1688 1155 1755 seqq.
1200 1673 1286 1735 Enii.
1361 1672 1365 1675 ’

114 1762 404 1846 uastissimas,
428 1782 506 1825 rem
530 1762 704 1844 publicam
733 1761 1070 1839 administravimus,
1100 1765 1137 1826 in
1158 1766 1354 1849 republica

38 1858 155 1920 uermti
179 1878 314 1921 sumam.
373 1855 450 1930 „Sic
477 1853 558 1919 enim
589 1856 865 1940 annotandum,
900 1869 936 1920 ut
957 1856 1062 1923 victos
1090 1868 1319 1924 metueremus.
1332 1858 1351 1889 '’

42 1953 76 2011 ad
93 1953 159 2015 nn.
181 1953 281 2016 xlv.
305 1953 341 2026 6,
368 1951 400 2013 2.
1017 1964 1022 1983 ¹

116 2049 200 2133 Περὶ
229 2046 466 2123 mansuescis
486 2044 550 2122 iis,
578 2067 666 2131 quae
686 2043 778 2123 ferri
797 2057 960 2127 possunt,
992 2068 1019 2111 s.
1049 2046 1092 2111 de
1115 2047 1349 2130 possibilibus.

52 2137 149 2218 ,Quas
169 2140 382 2224 (ἀξιώματα)
411 2142 450 2203 de
478 2160 513 2203 re
543 2141 653 2204 futura
680 2160 751 2202 crim
774 2138 894 2223 aliquid
916 2141 1024 2204 dicunt
1046 2144 1149 2226 deque
1171 2165 1228 2221 eo,
1259 2147 1350 2229 quod

54 2232 142 2312 possit
160 2234 224 2298 heri
254 2247 308 2298 aut
336 2256 402 2300 non
423 2234 546 2318 possit,
571 2256 663 2321 qnam
686 2232 751 2298 sim
771 2234 928 2311 habeant,
953 2238 1093 2301 obscura
1115 2236 1261 2319 quiaestio
1282 2250 1345 2302 est:

61 2346 139 2407 quun
163 2340 222 2416 sept
247 2335 394 2396 δυνατῶν
425 2330 607 2412 philosophi
637 2331 839 2413 appellant.”
883 2334 923 2394 ds
948 2332 1032 2395 Fato
1057 2333 1093 2405 1,
1125 2332 1156 2394 1.
1179 2368 1221 2380 -
1264 2333 1352 2414 „Sed
1460 2354 1464 2361 ’

63 2420 96 2480 al
113 2419 182 2484 illac
205 2424 339 2488 Diodori
361 2423 619 2499 contentionem,
648 2447 741 2509 quam
765 2437 839 2512 περὶ
864 2429 1010 2493 δυνατῶν
1034 2424 1211 2505 appellant,
1240 2444 1352 2488 rever

63 2524 161 2592 uuor,
178 2517 204 2580 is
223 2540 302 2604 qna,
329 2519 407 2601 qnid
427 2518 532 2580 valeat
553 2516 601 2592 id,
626 2522 715 2603 quod
736 2520 809 2584 lieri
825 2521 945 2602 possit,
969 2517 1152 2601 inquiritur.
1165 2515 1184 2547 ''
1207 2520 1247 2580 de
1265 2518 1349 2582 Fato

56 2606 90 2763 {a
121 2612 163 2672 17·
186 2643 223 2657 ··
274 2615 387 2700 ,Περὶ
422 2616 568 2679 δυνατῶν
596 2632 645 2676 me
673 2614 755 2680 seito
791 2614 877 2680 κατὰ
902 2613 1075 2701 Διόδωρον
1104 2613 1267 2700 κρίνειν.”
1310 2615 1351 2675 ad

82 2705 209 2769 m.1x.
230 2709 261 2772 1.
505 2698 512 2717 ²

64 2890 97 2951 ss
129 2802 205 2889 Περὶ
223 2808 445 2869 mutuatantes
474 2809 641 2886 γίνεσθαι,
670 2804 707 2867 in
732 2807 811 2869 alno
838 2803 1002 2868 soluenda
1027 2813 1234 2887 occupatum
1262 2823 1349 2868 esse.

110 2893 172 2955 nn.
190 2896 232 2959 x.
255 2897 313 2973 13,
344 2900 376 2961 1.

129 2989 206 3075 Περὶ
225 2992 325 3077 μικρὰ
346 2978 558 3072 annulatam,
587 2992 624 3056 in
641 2993 762 3076 parvis
785 2993 886 3057 rebus
901 2994 1048 3056 multum
1067 2990 1237 3059 laborare.
1263 2995 1352 3068 „set
1459 3016 1462 3023 ’

56 3078 127 3143 laec
144 3084 296 3165 hactenus,
320 3109 360 3151 ue
383 3088 495 3151 videar
516 3099 590 3173 περὶ
603 3089 708 3175 μικρὰ
728 3089 930 3169 σπουδάζειν.
940 3087 960 3118 ”
982 3091 1022 3151 ad
1036 3088 1107 3151 Au.
1126 3088 1230 3154 XIII.
1245 3089 1298 3165 21,
1316 3090 1349 3153 1.

130 3179 288 3265 Περίοδοι,
314 3182 465 3246 ambitus
479 3184 674 3248 uerborum.
700 3185 755 3265 „Si
772 3204 910 3266 unquam
934 3182 1011 3246 mihi
1032 3187 1196 3267 περίοδοι,
1217 3181 1244 3245 si
1265 3210 1351 3269 nou»

55 3275 128 3343 ¹²1.
152 3272 411 3362 άένθυμήματὰ,
446 3276 474 3339 si
501 3290 703 3344 κατασκευαί
711 3277 1032 3362 suppeditaverunt,
1067 3277 1123 3342 illo
1156 3287 1315 3358 tempore.
1330 3275 1349 3307 ”

56 3362 96 3422 ad
114 3364 171 3429 An.
189 3370 214 3433 l.
236 3374 293 3448 11,
325 3375 357 3436 1.
398 3376 563 3457 Περίοδοι
590 3393 670 3458 qnae
699 3371 779 3449 sint,
811 3370 916 3435 dicere
937 3369 1014 3434 nibil
1037 3372 1160 3434 attinet.
1203 3373 1350 3455 Koussai

55 3467 228 3535 ⁸¹1¹,recte
247 3466 427 3548 explicante
449 3467 479 3531 l.
502 3468 543 3531 F.
571 3466 766 3541 Gronovio,
805 3465 981 3543 clausulae,
1010 3464 1114 3529 flexus
1141 3464 1254 3529 molles
1277 3487 1352 3529 ora·

57 3546 142 3615 tionis
163 3558 196 3619 ab
217 3581 273 3623 uns
301 3572 394 3644 parte
420 3560 451 3624 in
482 3561 591 3637 aliam,
622 3562 741 3645 quibus
769 3560 815 3623 uti
841 3558 916 3623 licet
943 3558 976 3622 in
1003 3577 1122 3644 genere
1148 3563 1351 3642 ἐπιδεικτικᾷ

61 3643 160 3743 Ψ,
181 3651 209 3714 in
226 3655 406 3732 tantando,
436 3655 491 3719 ubi
519 3650 680 3741 ingenium
704 3664 736 3718 et
756 3652 969 3739 eloquentiam
990 3653 1110 3717 iactare
1132 3650 1223 3730 licet,
1254 3673 1349 3736 quani

67 3752 99 3792 ¹¹
115 3734 269 3812 tmuium
299 3748 502 3814 orationibus
531 3759 585 3813 aut
616 3748 647 3812 in
677 3748 842 3813 sententiis
869 3752 908 3811 de
939 3769 977 3813 re
1010 3746 1103 3833 grani
1138 3746 1294 3821 dicendis,
1331 3766 1349 3809 a

74 3827 158 3906 ll¹3¹⁸
177 3842 285 3926 quippe
312 3844 373 3908 ista
395 3843 536 3907 flexurum
563 3844 727 3929 mollities,
763 3841 908 3928 qiramvis
929 3842 1075 3916 modica,
1109 3851 1213 3905 tamen
1238 3841 1349 3903 abesse

74 3917 158 4004 d‘llis
172 3937 301 4001 adhilsita
323 3939 432 4020 potius
453 3936 506 4001 illa
530 3938 688 4002 iudiciali
708 3936 914 4020 asperitate,
939 3958 1033 4022 mam
1055 3934 1175 3999 Cicero
1197 3945 1295 3997 vocat
1310 3936 1349 4001 de

72 4009 146 4082 ⁰¹²¹·
160 4025 197 4094 ll.
219 4033 270 4098 16.
295 4032 533 4117 Ἐνθυμήματα
555 4053 620 4096 non
634 4043 729 4111 sumt,
754 4054 838 4119 qnae
853 4030 1086 4119 recentioribus
1108 4027 1279 4092 dialecticis
1300 4028 1350 4093 di·

62 4122 168 4197 fflltt,
190 4138 279 4208 parte
301 4128 435 4211 quadam
462 4148 518 4191 sua
537 4127 675 4191 truncati
696 4125 894 4211 syllogismi,
926 4125 983 4188 sed
1004 4121 1141 4205 antiquis
1163 4121 1349 4188 rhetoribus

53 4204 201 4311 ‘titiane
225 4220 300 4287 illae
322 4221 518 4299 sententiae,
549 4220 759 4286 econtrariis
783 4221 970 4296 conclsuae,
1006 4235 1088 4302 quae
1110 4227 1248 4300 propter
1271 4218 1349 4283 bre·

46 4312 157 4373 ”tatem
183 4326 212 4378 et
238 4315 400 4382 cornaria
432 4336 563 4379 acumen
592 4315 722 4398 aliquod
748 4315 886 4392 habent,
919 4311 1022 4399 qrsalis
1044 4309 1167 4375 catilla
1190 4308 1344 4376 Horatiis

40 4416 95 4460 ⁶¹¹1·
118 4418 211 4487 optas
230 4410 326 4495 quod
345 4410 480 4474 nabes?
527 4411 631 4476 Serm.
653 4412 681 4475 1.
704 4412 741 4487 3,
775 4412 849 4475 tto.
894 4409 968 4473 Alia
996 4405 1141 4501 exempla
1165 4404 1348 4486 suppedita-

36 4490 77 4552 δὴ
94 4494 206 4567 Cicero
226 4505 258 4566 in
282 4504 418 4587 Topicis
442 4526 472 4568 c.
498 4504 551 4568 13.
596 4496 681 4568 Vide
705 4507 744 4567 de
760 4507 824 4570 hoc
842 4524 961 4590 genere
977 4498 1203 4565 sententiarum
1225 4497 1258 4560 in
1271 4496 1348 4580 ,pri-

36 4584 85 4651 nis
109 4592 325 4664 Facciolatmn
352 4597 384 4678 in
413 4597 554 4664 Acroasi
580 4598 608 4664 1.
638 4600 677 4662 de
707 4600 965 4680 Enthynemste.
1009 4591 1208 4670 Καταακευῆ
1240 4601 1344 4654 erstem

38 4682 85 4745 ‘lai
104 4708 165 4752 non
190 4693 322 4761 medem
345 4712 474 4776 semper
494 4693 577 4775 apud
602 4693 754 4757 rhetores
777 4692 839 4757 vim
862 4693 977 4768 habet,
1002 4700 1194 4752 tamennon
1217 4684 1346 4747 dubiam

40 4775 100 4843 tllti
117 4795 179 4863 est,
201 4785 277 4871 quin
298 4787 363 4850 hoc
386 4787 461 4851 loco
484 4786 608 4850 dicatur
628 4787 853 4866 confirmatio
873 4785 1022 4849 elicuisse
1042 4785 1095 4851 rei
1114 4779 1343 4860 (Quinctilisn.

42 4864 78 4936 ll·
97 4876 166 4959 1.),
187 4901 267 4966 quae
284 4890 319 4944 et
339 4877 620 4965 amplificationem
643 4880 887 4966 complectitur,
912 4899 983 4943 cum
1004 4879 1115 4943 alimus
1138 4880 1342 4955 arguments,
