3490 5586
497 362 646 429 lNDEX
667 362 1020 429 FORMULARUM.
1358 361 1419 427 369

109 512 261 570 numerata
288 513 390 569 antem
419 503 552 585 pecunia
576 524 691 569 nomen
721 504 843 590 argenti
865 503 998 580 retinet3
1030 503 1135 587 legata
1160 501 1258 588 igitur
1280 500 1430 565 videtur<

112 598 218 683 Topic.
240 598 279 675 3,
305 597 356 661 13.
380 629 421 641 -
443 598 527 662 Vide
550 599 724 687 Legata.

185 695 299 756 Arca.
343 690 621 778 VideLegata.

187 784 300 850 Aries
322 782 565 865 subiicitur,
589 787 621 851 si
643 788 767 852 telum
787 782 1421 873 6666616311666616,66166616611.

115 883 191 965 Top.
212 881 267 956 17,
293 878 347 942 61.
371 915 411 927 -
434 878 518 945 Vide
540 881 629 946 Edit.
653 904 752 946 meam
776 882 942 946 minorem.
1021 876 1025 885 ’

185 978 247 1040 As.
292 975 431 1038 Assem
455 996 526 1039 6666
547 988 643 1060 negat
665 979 825 1041 daturum.
847 968 912 1059 ped
934 973 1084 1057 Quinctio
1107 976 1147 1051 5,
1173 974 1222 1037 19.
1484 1044 1489 1051 ,

184 1070 403 1134 Assentior
424 1069 455 1132 in
478 1069 632 1134 sententia
654 1072 815 1136 senatoria
838 1071 981 1135 dicenda.
1015 1068 1107 1146 Dic,
1131 1068 1185 1133 M.
1209 1065 1334 1133 Tulli.
1359 1064 1424 1137 cn.

109 1166 254 1250 Pompeio
284 1167 500 1235 assentior.
540 1167 580 1227 ad
608 1166 679 1249 Att.
705 1169 742 1242 7,
768 1167 806 1242 3,
830 1166 863 1229 5.
899 1197 942 1217 -·
986 1165 1158 1233 Senatores
1190 1162 1315 1227 66666
1346 1160 1424 1224 alius

108 1258 155 1322 alii
183 1261 269 1327 66616
299 1257 641 1327 assentiebantur.
687 1260 753 1325 Sal.
783 1257 882 1325 Catil.
912 1259 965 1323 62.
997 1294 1038 1305 -
1075 1254 1201 1339 Quibus
1228 1259 1273 1321 de
1301 1256 1424 1320 rehus

106 1353 217 1431 resera,
241 1358 286 1422 P.
310 1353 452 1420 Servilio
474 1354 694 1419 assentior.
739 1353 882 1436 Philipp.
908 1356 943 1430 7,
970 1354 1028 1428 18,
1052 1353 1105 1418 27.

182 1450 394 1514 Assiduus.
419 1445 501 1513 Cum
523 1446 575 1511 lex
597 1447 760 1512 assiduo
783 1446 979 1511 vindicem
1003 1446 1199 1512 assiduum
1221 1456 1291 1511 esse
1308 1444 1426 1521 iubeat,

106 1539 289 1626 locupletem
307 1543 396 1608 iubet
417 1540 589 1624 locupleti;
611 1542 756 1625 locuples
778 1542 859 1605 enim
879 1553 929 1607 est
950 1541 1156 1620 assiduus,
1181 1552 1216 1605 ut
1236 1543 1279 1605 ait
1300 1540 1426 1618 Aelius,

104 1637 275 1721 6666116166
299 1640 339 1702 66
361 1657 449 1719 6666
471 1638 613 1700 dando.
648 1635 830 1719 Τ6616.2,
855 1637 908 1699 10.
1199 1628 1218 1636 ”

180 1731 458 1796 Athenienses
480 1720 607 1817 leges.
650 1729 736 1794 Vide
758 1730 913 1813 Populi
941 1730 1100 1796 scitum.

180 1825 425 1890 Attribuere
469 1824 694 1908 pecuniam.
748 1824 889 1889 Pecunia
928 1825 1146 1913 attributa,
1182 1836 1344 1891 numerata
1382 1835 1431 1888 est

104 1915 276 2004 (quaestori
300 1941 341 1983 ex
363 1917 518 1996 aerario.)
562 1918 664 1982 Verr.
687 1920 808 1983 Accus.
832 1921 868 1997 1,
895 1918 954 1995 13,
978 1921 1031 1984 31.

181 2011 346 2078 Auctio.
388 2012 633 2077 Auctionem
658 2015 843 2077 vendere.
874 2034 937 2096 pro
961 2014 1126 2095 Quinctio.
1150 2017 1189 2094 5,
1215 2016 1268 2081 19.
1290 2048 1332 2062 --
1353 2012 1431 2079 Au·

111 2105 269 2172 ctionem
295 2107 563 2172 constituere.
593 2108 711 2189 6668.
735 2100 858 2172 Roscio
882 2108 959 2172 Ana.
984 2108 1020 2189 8,
1043 2109 1096 2175 23.
1119 2144 1161 2156 -
1183 2108 1431 2174 Auctionem

111 2203 369 2279 proscribere.
392 2223 453 2284 pro
478 2200 628 2283 Quinctio
651 2203 688 2275 1,
715 2200 768 2264 15.

186 2294 402 2359 Auctionis
425 2295 574 2365 166616.
619 2292 709 2358 Situ
731 2297 847 2358 aedes
869 2295 1126 2378 proscribas,
1150 2296 1328 2361 tabulam
1350 2304 1431 2359 tam·

32 2466 38 2482 .
113 2406 195 2470 quam
214 2391 343 2476 plagam
367 2409 504 2471 ponas.
529 2391 567 2451 de
590 2387 686 2453 Offic.
710 2387 747 2465 3,
771 2389 829 2465 17,
853 2389 907 2454 68.

185 2482 479 2548 Auctionariae
502 2484 680 2548 tabulae.
704 2481 858 2548 iuCatil.
882 2485 919 2560 2,
944 2483 978 2558 8,
1007 2485 1061 2549 18.

185 2577 338 2642 Auctor
359 2577 588 2643 societatis.
611 2598 673 2661 pro
695 2574 830 2643 Plancio
854 2577 912 2654 13,
937 2578 990 2642 32.

185 2671 410 2737 Auctorem
434 2670 545 2735 11661.
567 2666 570 2673 ’
590 2672 676 2736 Vide
699 2671 860 2737 Civitas
882 2671 1072 2738 Romana.
1117 2671 1328 2741 Libertas.

189 2767 396 2830 Auctorne
418 2787 477 2843 es,
502 2765 602 2829 6116
626 2767 726 2831 teP.
750 2765 945 2831 Fonteius
967 2768 1074 2831 vitae
1096 2768 1291 2853 necisque
1317 2782 1430 2853 pote·
1501 2782 1510 2795 '

114 2862 410 2923 statemhabeat
431 2858 530 2924 utin
552 2860 665 2925 silio.
696 2859 895 2944 Adoptionis
915 2861 1067 2926 formula.
1089 2884 1150 2947 pro
1172 2866 1269 2927 domo
1291 2864 1350 2941 29,
1375 2864 1429 2928 77.

191 2952 401 3019 Auctorita
417 2953 476 3018 sin
492 2966 620 3031 senatu,
646 2964 834 3038 potestas
854 2954 887 3018 16
902 2957 1039 3040 populo.
1055 2959 1219 3044 de·Legg.
1235 2959 1274 3036 3,
1294 2957 1352 3036 12,
1370 2957 1426 3023 27.

112 3042 234 3109 -lus
255 3046 533 3113 auctoritatis.
576 3049 663 3113 Vide
686 3049 781 3112 Iure
804 3049 970 3132 optimo.
1118 3040 1122 3047 ’

187 3140 424 3206 Auctoritas
446 3155 628 3211 senatus.
673 3143 756 3207 Vide
780 3144 949 3210 Senatus
979 3146 1215 3213 auctoritas.

183 3235 426 3300 Auctoritas
449 3237 604 3318 (senatus)
625 3235 872 3322 perscripta.
917 3242 1068 3306 Nondum
1090 3242 1165 3308 satis
1186 3236 1335 3308 hocerat
1355 3243 1431 3307 alla·

105 3336 180 3405 tum,
205 3332 371 3414 quomodo
396 3328 517 3395 Caesar
540 3332 643 3396 ferret
669 3334 707 3395 de
734 3333 1262 3421 auctoritate'perscripta.
1294 3339 1333 3400 ad
1353 3339 1426 3401 Att.

102 3423 135 3498 5,
157 3423 195 3501 2,
220 3424 254 3487 3.
279 3423 471 3509 -Siquis
495 3426 569 3489 huic
592 3427 627 3489 S.
652 3424 694 3492 C.
716 3425 965 3505 intercessisset,
996 3429 1269 3514 senatuiplacere
1295 3443 1430 3494 aucto·

103 3516 259 3583 ritatem
294 3517 517 3602 perscribi.
564 3517 692 3585 Caelius
723 3522 762 3584 ad
789 3521 882 3584 Fam.
912 3522 949 3599 8,
981 3524 1017 3599 8,
1052 3526 1083 3587 7.
1117 3558 1159 3570 —
1192 3523 1278 3587 Illud
1303 3534 1431 3587 senatus

103 3615 280 3678 6666611666
307 3634 344 3676 ea
372 3612 681 3697 perscriptione
712 3625 847 3678 661661.
885 3618 924 3678 ad
952 3617 1045 3680 Fam.
1073 3618 1109 3694 5,
1140 3617 1177 3694 2,
1211 3617 1261 3694 1.,
1295 3616 1351 3680 661
1375 3614 1429 3681 alii

105 3705 448 3789 praescriptione.
493 3709 558 3771 Sed
586 3707 663 3771 illud
694 3728 777 3771 6666
806 3708 975 3792 66661666,
999 3711 1059 3772 666
1080 3708 1255 3776 sententiaa
1279 3723 1430 3786 ,6666166

107 3802 280 3866 consultum
295 3800 373 3866 illud
397 3824 446 3866 me
470 3813 602 3867 auctore
627 3813 689 3865 tam
712 3802 891 3868 honorifice
914 3803 944 3866 in
967 3815 999 3868 16
1020 3804 1257 3888 scriptumest,
1281 3803 1341 3867 ut”
1362 3815 1427 3869 661.
1478 3826 1481 3833 ’

183 3896 471 3960 Auctoritates
496 3899 649 3976 (senatus)
671 3897 969 3983 praescriptae.
1013 3897 1151 3964 Constat
1179 3898 1224 3962 L.
1254 3896 1423 3973 Crassum,

104 3982 232 4074 idquod
249 3990 283 4054 16
305 3989 626 4056 66616611611666
648 3991 921 4073 praescriptis
944 4003 1065 4068 exstat,
1089 3992 1259 4056 scrssreudo
1275 3990 1426 4056 adfuisse.

102 4080 141 4143 de
168 4081 227 4148 Or.
256 4083 294 4161 3,
320 4085 357 4159 2,
381 4086 413 4149 5.
459 4083 527 4164 (Sic
558 4084 699 4149 Baebius
729 4086 770 4148 ad
800 4084 947 4150 Brisson.
981 4107 1015 4168 p.
1051 4087 1125 4151 179.
1155 4096 1188 4148 61
1213 4084 1428 4149 Η666166666.

98 4174 155 4240 Al.
176 4178 458 4262 perscriptis.)
1478 4176 1485 4183 ’

179 4271 356 4347 Audiri,
379 4271 506 4335 testium
530 4293 596 4335 voa
614 4262 771 4359 volgaris.
794 4293 856 4356 pro
874 4269 1009 4361 Plancio
1025 4273 1079 4351 23,
1096 4274 1148 4338 57.
1172 4307 1211 4319 -
1235 4270 1427 4338 Videtiam
1464 4298 1470 4311 ¹
1566 4350 1569 4359 ¹

94 4364 311 4453 Augurum
333 4366 549 4431 formulae.
1016 4450 1019 4453 ι

181 4462 329 4546 Augur
351 4460 550 4543 publicus.
574 4463 614 4524 ad
635 4461 728 4525 Fam.
747 4462 786 4536 6,
804 4461 840 4538 6,
860 4461 891 4523 7.
915 4493 955 4504 -
978 4457 1183 4544 (76661661
1204 4456 1234 4523 16
1256 4457 1428 4544 collegium

94 4576 273 4642 augurum.
303 4556 340 4618 de
362 4555 434 4639 lege
457 4574 528 4640 agr.
552 4554 591 4631 2,
617 4554 634 4616 7
643 4598 653 4626 ,
679 4554 732 4617 18.
776 4554 917 4638 Philipp.
942 4555 998 4631 13,
1022 4555 1061 4632 5,
1087 4554 1139 4618 12.
1161 4589 1203 4601 -
1225 4556 1368 4640 Augur
1390 4556 1430 4617 ad

94 4649 264 4714 meridiem
287 4658 423 4731 spectat.
446 4650 484 4712 dc
506 4646 584 4712 Dis.
609 4651 647 4739 1,
673 4648 731 4726 17,
756 4647 810 4711 31.
833 4681 874 4694 -
896 4649 1087 4734 Augures
1109 4648 1213 4713 Nonis
1235 4669 1429 4713 commen·

94 4742 221 4808 tandi
241 4763 359 4806 causa
381 4740 555 4808 convenire
577 4738 735 4804 solebant.
779 4742 872 4805 Lael.
896 4741 935 4817 2,
960 4746 991 4805 7.

185 4839 397 4921 Augurum
426 4833 646 4901 formulae.
690 4834 733 4919 Q.
757 4834 871 4913 Fabi,
902 4847 938 4900 16
959 4835 1052 4929 mihi
1074 4836 1110 4903 in
1133 4834 1322 4921 66661616
1345 4853 1432 4901 6666

171 4936 302 4982 onomast.
322 4936 375 4982 cie.
395 4934 440 4980 ut.
1259 4931 1294 4978 et
