3214 5586
184 376 248 440 sm
292 326 298 331 ⁵
531 410 534 417 ·
669 371 822 439 mosx
841 372 1026 438 Laauu.

184 519 277 580 eules
294 504 531 599 pertulerunt,
555 536 633 578 cum
655 536 711 578 res
733 515 937 598 publicasse
958 512 1106 578 luxuria
1127 511 1359 575 conuiuiorum
1375 512 1503 579 maiora

188 632 291 695 quom
310 610 539 692 credipotest
569 610 777 674 detrimenta
793 621 991 693 pateretur,
1024 607 1195 692 siquidem
1215 628 1257 670 eo
1275 627 1331 670 ree
1349 607 1505 681 redierat,

178 715 226 777 [ut
244 707 330 787 gulo
352 705 457 768 illecti
476 704 631 788 plerique
651 705 794 786 ingenui
813 705 917 786 pueri
935 703 1141 786 pudicitiam
1156 713 1190 765 et
1204 702 1393 765 libertatem
1412 721 1506 763 suam

186 799 419 862 venditarent:
451 798 607 882 plerique
637 821 684 860 ex
709 797 806 880 plebe
834 801 993 862 Romana
1018 796 1096 859 nino
1115 796 1255 858 madidi
1278 795 1314 857 in
1341 794 1510 858 comitium

188 894 356 967 uenirent,
383 905 421 955 ,et
443 891 529 955 ebrii
551 892 592 954 de
619 892 671 954 rei
690 892 845 974 publicae
869 894 979 954 salute
1006 891 1242 953 consulerent.
1273 889 1351 951 haee
1375 884 1511 950 Samnni-

187 989 290 1051 nicus.
334 986 487 1051 Faunine
509 997 614 1048 autem
636 986 718 1071 legis
737 985 893 1048 severitas
915 984 946 1046 in
968 1005 1008 1048 eo
1032 985 1204 1066 superabat
1227 981 1379 1046 Orchiam
1403 981 1509 1065 legem,

189 1085 277 1166 quod
298 1081 329 1144 in
356 1079 525 1162 superiore
554 1100 705 1143 66166666
731 1079 950 1141 tantummodo
977 1080 1178 1142 coenantium
1204 1076 1415 1142 cohibebatur
1442 1076 1513 1138 liee-

188 1177 308 1257 batque
336 1176 507 1237 secundum
540 1195 608 1249 eam
642 1172 812 1256 unicuique
845 1174 929 1235 bona
962 1194 1019 1235 666
1050 1172 1133 1236 inter
1165 1192 1285 1255 paucos
1318 1166 1512 1235 consumere.

187 1269 321 1334 Fannio
342 1281 446 1331 autem
469 1269 647 1350 sumptibus
670 1269 796 1331 modum
817 1267 894 1330 lecit
917 1267 1039 1331 assibus
1060 1278 1201 1331 eentum.
1245 1267 1339 1330 Unde
1359 1260 1513 1327 aLneiiio

188 1367 288 1446 poeta
314 1362 495 1426 festivitatis
517 1382 592 1427 suae
618 1381 708 1427 inore
730 1361 900 1425 centussis
923 1360 1094 1425 vocatur.’'
1137 1361 1291 1425 Macrob.
1316 1361 1447 1423 Satius.
1468 1355 1512 1419 11.

189 1458 240 1521 13.
263 1479 297 1539 ρ.
322 1457 397 1519 368.

275 1551 379 1633 „Hoc
400 1551 534 1634 primum
557 1550 641 1632 (scil.
659 1552 791 1636 gallinas
806 1551 968 1635 saginare)
989 1549 1127 1635 antiquis
1149 1569 1322 1613 coenarum
1345 1544 1512 1610 interdictis

188 1657 357 1726 exceptum
383 1645 513 1711 invenio
539 1646 599 1708 iam
623 1644 695 1729 lege
716 1648 756 1711 0.
779 1646 903 1710 Fannii
924 1645 1066 1731 consulis
1088 1644 1153 1708 xl.
1183 1645 1271 1706 annis
1296 1655 1369 1708 ante
1391 1642 1511 1707 tertium

188 1739 346 1803 Punicum
375 1740 508 1816 bellum,
541 1739 678 1824 nequid
707 1741 841 1803 volucre
870 1750 1047 1821 poneretur
1072 1749 1202 1820 praeter
1230 1758 1326 1800 sinam
1356 1735 1509 1822 gallinam,

189 1855 270 1916 quae
297 1856 361 1898 non
383 1847 467 1899 esset
488 1835 602 1898 altilis:
630 1837 722 1917 'qumi
747 1834 859 1898 deinde
880 1846 977 1916 caput
998 1834 1185 1897 translatum
1208 1854 1268 1916 per
1293 1853 1406 1897 omnes
1428 1832 1511 1914 leges

188 1930 426 2010 (susnptuarias)
449 1928 655 1993 ambulavit.'’
701 1927 789 1992 Plio.
812 1929 858 1992 Η.
880 1929 925 1991 N.
948 1928 995 1992 X.
1019 1931 1072 1993 60.

274 2028 414 2092 Ἐκέλευε
440 2020 514 2091 δ’ὁ
539 2025 757 2104 (Φαννίου)
779 2018 880 2109 νόμος
906 2025 1006 2111 τριῶν
1031 2031 1091 2109 μὲν
1116 2024 1269 2101 πλείονας
1287 2047 1355 2089 ταν
1383 2018 1498 2101 ἔξω
1462 2043 1513 2099 της

187 2116 294 2196 οἰκίας
317 2116 362 2205 μὴ
386 2115 630 2206 ὑποδέχεσθαι,
652 2114 739 2182 κατὰ
763 2112 945 2206 ἇγορὰνδὲ
972 2118 1036 2183 τῶν
1057 2121 1165 2183 πέντε.
1187 2119 1285 2184 τοῦτο
1309 2119 1347 2183 δὲ
1369 2121 1439 2204 τρὶς
1462 2114 1517 2179 soi

186 2211 287 2298 μηνὸς
302 2215 440 2298 ἐγίνετο.
463 2236 605 2306 oporam
626 2216 661 2277 δ
647 2211 827 2287 ἑαλεὲονος
851 2211 913 2276 τῶν
935 2212 1028 2277 δυοῖν
1050 2212 1203 2301 δραχμῶν
1222 2236 1278 2277 ναι
1298 2205 1439 2297 ἡμίσους
1462 2203 1513 2274 oia

186 2310 353 2397 ἐπέτρεπε.
371 2311 543 2421 apiani
508 2309 543 2372 δὲ
570 2329 750 2372 καπνιστον
780 2306 1007 2371 πεντεκαίδεκα
1035 2302 1184 2371 τάλαντα
1211 2306 1368 2395 δαπανᾷν
1394 2300 1438 2380 εἰς
1463 2299 1513 2367 τὸν

186 2400 336 2469 ἐνιαυτὸν
362 2397 529 2489 ἐπεχώρει,
562 2406 617 2467 καὶ
647 2392 711 2466 ὅσα
740 2399 783 2484 γῆ
809 2402 902 2489 φέρει
934 2394 1063 2485 λάχανα
1085 2405 1143 2466 aui
1172 2394 1319 2489 ὀσπρίων
1349 2402 1416 2487 aaut
1407 2421 1511 2483 ματα

186 2499 308 2562 Athen.
331 2499 397 2562 VI.
423 2497 493 2563 108.

272 2590 459 2674 „Cincius
450 2613 482 2654 in
506 2589 654 2654 suasione
674 2587 756 2674 legis
776 2587 928 2654 Faunine
951 2586 1071 2669 obiecit
1092 2588 1202 2652 666616
1226 2608 1304 2665 asro,
1330 2589 1418 2672 quod
1441 2605 1511 2669 por·

186 2708 256 2749 essm
281 2686 457 2751 Troianum
480 2684 769 2765 mensis-inierant.
794 2704 887 2768 quem
911 2680 957 2744 illi
971 2682 1049 2746 ideo
1069 2683 1115 2746 sic
1137 2684 1314 2759 vocabant,
1341 2680 1433 2767 quasi
1449 2678 1510 2743 aliis

184 2781 315 2844 inclusis
346 2780 530 2842 animalibus
554 2780 743 2863 gravidum,
767 2788 802 2840 ut
830 2778 883 2841 ille
906 2779 1067 2842 Troianus
1090 2799 1190 2862 equus
1210 2777 1367 2862 gravidus
1392 2773 1510 2840 minatis

186 2874 280 2939 tuisf
326 2876 481 2937 Macrob.
505 2876 636 2936 Satura.
661 2874 709 2936 11.
734 2873 766 2937 9.
790 2894 823 2953 p.
848 2873 922 2935 366.

272 2967 338 3043 ‚,.C
363 2968 468 3031 Titius
492 2968 544 3030 vir
566 2967 679 3031 aetatis
695 2967 880 3030 Lucilianae
903 2966 1050 3031 oratione
1072 2966 1175 3052 legem
1197 2966 1368 3030 huniam
1389 2959 1511 3031 amsiv’

187 3065 339 3129 Macrob
362 3062 562 3126 86166611.
587 3062 699 3144 136.
723 3061 798 3124 366.

354 3223 460 3286 Dinia
482 3221 715 3305 sumptuaria.

277 3343 454 3427 „Fanniam
484 3344 588 3428 legem
613 3355 689 3426 post
716 3365 814 3409 annos
842 3347 950 3408 decem
978 3357 1011 3409 et
1040 3347 1194 3408 6616166
1216 3344 1328 3409 Didia
1351 3353 1513 3410 consecuta

187 3451 235 3504 est
256 3443 298 3518 (a.
324 3460 358 3502 u.
382 3438 580 3518 610.).eius
602 3440 752 3503 ferendae
777 3440 895 3522 duplex
918 3461 1012 3503 causa
1039 3439 1116 3503 tuit:
1151 3439 1308 3521 primast
1333 3440 1510 3523 potissima,

188 3547 223 3599 61
251 3533 398 3596 universa
429 3534 521 3595 116116
553 3554 614 3597 666
645 3532 715 3595 6616
743 3535 820 3595 urbs
847 3533 921 3618 lege
949 3533 1143 3613 sumptuaria
1173 3543 1359 3609 teneretur,
1401 3529 1512 3598 Italicis

187 3626 428 3693 aestimantibus
444 3627 596 3689 Fanniam
617 3627 721 3711 legem
738 3648 803 3690 non
821 3626 852 3690 in
874 3649 924 3704 se,
949 3631 1005 3692 sed
1020 3629 1052 3691 in
1067 3628 1157 3692 66166
1174 3630 1317 3691 urbanos
1341 3629 1427 3691 eires
1450 3643 1511 3689 esse

187 3722 419 3804 conscriptam.
443 3720 571 3797 deinde,
595 3732 629 3783 61
651 3742 715 3785 666
740 3721 802 3784 soli
826 3720 884 3805 qui
908 3723 1040 3804 prandia
1064 3743 1223 3786 coenasse
1250 3722 1372 3785 maiore
1393 3730 1512 3802 usmptn

186 3819 353 3892 iecissent,
377 3814 541 3878 sedetiam
558 3815 612 3898 qui
627 3818 665 3878 sd
681 3836 734 3879 eas
744 3815 885 3879 ¹vocitati
904 3828 1010 3880 essent
1028 3828 1123 3901 atqua
1138 3815 1268 3880 omnino
1283 3815 1507 3889 interfuissent,

187 3913 300 3998 poenis
321 3910 402 3994 legis
425 3907 642 3974 tenerentur.''
684 3910 840 3975 Macrob.
862 3910 992 3974 Satura.
1016 3910 1064 3974 ΙΙ.
1090 3912 1142 3976 13.
1166 3934 1201 3995 p.
1224 3911 1298 3976 368.

356 4072 497 4134 Limusa
518 4069 751 4152 sumptuaria.

276 4197 374 4270 „Lex
401 4192 514 4256 ‹leinde
543 4191 903 4278 Licininrogataest3
939 4214 1116 4278 quaecum
1144 4193 1239 4257 certis
1266 4172 1394 4271 1116666,
1427 4187 1512 4255 aienti

190 4290 329 4363 Fannia,
364 4299 516 4351 centenos
543 4287 624 4350 aeris
648 4286 788 4391 impendi
809 4289 1021 4371 permisisset,
1055 4289 1173 4371 nuptiis
1199 4292 1341 4352 ducenos
1372 4282 1509 4356 indulsit,

190 4385 367 4465 ceterisque
391 4383 500 4444 diebus
523 4382 632 4444 statuit
655 4383 738 4445 aeris
764 4383 923 4457 tricenos;
958 4404 1028 4445 cum
1058 4395 1089 4446 et
1110 4384 1215 4447 carnis
1238 4370 1345 4446 aridai
1369 4394 1400 4444 61
1419 4381 1512 4443 66166·

189 4480 287 4542 menti
316 4490 403 4540 certa
433 4475 609 4557 pondera
599 4496 631 4538 m
657 4475 803 4560 singulos
826 4477 893 4539 dies
916 4476 1137 4541 constituerit:
1172 4480 1228 4540 sed
1254 4475 1409 4561 quidquid
1436 4479 1513 4535 asset

189 4584 294 4653 natum
325 4591 343 4632 6
374 4581 477 4644 terra,
508 4572 591 4645 rite,
623 4573 760 4645 arbore,
793 4570 974 4652 promiscue
1005 4584 1102 4657 atque
1126 4571 1286 4635 indefinite
1313 4566 1426 4652 las-gita
1456 4574 1509 4626 est.

188 4665 293 4731 Huius
309 4664 392 4748 legis
409 4662 549 4727 Laevius
568 4666 667 4744 polita
683 4665 822 4728 meminit
838 4666 871 4728 in
891 4665 1152 4749 Erotopaegniis.
1182 4666 1294 4735 Verba
1311 4660 1424 4725 Laevii
1437 4661 1510 4721 haec

187 4771 277 4836 6661,
303 4761 417 4843 quibus
439 4757 597 4841 significat
617 4761 774 4835 hoedum,
801 4761 853 4844 quii
873 4763 911 4823 ad
934 4762 1043 4845 epulas
1061 4761 1167 4822 166661
1189 4759 1317 4833 6116166,
1343 4754 1507 4823 dimissum,

184 4870 382 4941 'coenamque
404 4852 466 4929 ita,
491 4864 525 4915 ut
546 4851 599 4916 lex
614 4853 752 4918 Licinia
765 4854 942 4934 sanxisset,
966 4855 1072 4939 pomis
1087 4854 1294 4940 oleribusque
1307 4850 1503 4914 instructam:
