<?xml version="1.0" encoding="UTF-8"?>
<!DOCTYPE html PUBLIC "-//W3C//DTD XHTML 1.0 Transitional//EN"
    "http://www.w3.org/TR/xhtml1/DTD/xhtml1-transitional.dtd">
<html xmlns="http://www.w3.org/1999/xhtml" xml:lang="en" lang="en">
 <head>
  <title>
</title>
<meta http-equiv="Content-Type" content="text/html;charset=utf-8" />
  <meta name='ocr-system' content='tesseract 3.04.00' />
  <meta name='ocr-capabilities' content='ocr_page ocr_carea ocr_par ocr_line ocrx_word'/>
</head>
<body>
  <div class='ocr_page' id='page_1' title='image "./mtulliiciceroni01fabrgoog_0042.png"; bbox 0 0 3328 5576; ppageno 0'>
   <div class='ocr_carea' id='block_1_1' title="bbox 500 388 1438 468">
    <p class='ocr_par' dir='ltr' id='par_1_1' title="bbox 500 388 1438 468">
     <span class='ocr_line' id='line_1_1' title="bbox 500 388 1438 468; baseline -0.01 -1"><span class='ocrx_word' id='word_1_1' title='bbox 500 399 931 468; x_wconf 82' lang='lat' dir='ltr'>GRAECO-LATINUS.</span> <span class='ocrx_word' id='word_1_2' title='bbox 1333 388 1374 459; x_wconf 75' lang='grc'>73</span> <span class='ocrx_word' id='word_1_3' title='bbox 1428 416 1438 438; x_wconf 59' lang='lat'><em>³</em></span> 
     </span>
    </p>
   </div>
   <div class='ocr_carea' id='block_1_2' title="bbox 56 523 1440 3456">
    <p class='ocr_par' dir='ltr' id='par_1_2' title="bbox 57 523 1431 2616">
     <span class='ocr_line' id='line_1_2' title="bbox 76 523 1372 637; baseline -0.003 -30"><span class='ocrx_word' id='word_1_4' title='bbox 76 559 170 632; x_wconf 58' lang='lat' dir='ltr'>puple,</span> <span class='ocrx_word' id='word_1_5' title='bbox 185 568 214 609; x_wconf 85' lang='lat' dir='ltr'>r.</span> <span class='ocrx_word' id='word_1_6' title='bbox 234 545 371 609; x_wconf 86' lang='lat' dir='ltr'>Salmas.</span> <span class='ocrx_word' id='word_1_7' title='bbox 393 546 440 607; x_wconf 85' lang='lat' dir='ltr'>ad·</span> <span class='ocrx_word' id='word_1_8' title='bbox 455 542 561 637; x_wconf 72' lang='lat' dir='ltr'>Solio.</span> <span class='ocrx_word' id='word_1_9' title='bbox 584 567 619 626; x_wconf 89' lang='lat' dir='ltr'>p.</span> <span class='ocrx_word' id='word_1_10' title='bbox 648 566 691 606; x_wconf 92' lang='lat' dir='ltr'>m.</span> <span class='ocrx_word' id='word_1_11' title='bbox 717 543 792 608; x_wconf 81' lang='lat'>690.</span> <span class='ocrx_word' id='word_1_12' title='bbox 836 540 933 606; x_wconf 86' lang='lat' dir='ltr'>Verti</span> <span class='ocrx_word' id='word_1_13' title='bbox 955 539 1048 606; x_wconf 86' lang='lat' dir='ltr'>etiam</span> <span class='ocrx_word' id='word_1_14' title='bbox 1071 549 1202 627; x_wconf 82' lang='lat' dir='ltr'>potest:</span> <span class='ocrx_word' id='word_1_15' title='bbox 1232 523 1372 624; x_wconf 80' lang='lat' dir='ltr'>populi,</span> 
     </span>
     <span class='ocr_line' id='line_1_3' title="bbox 74 630 1376 727; baseline -0.005 -24"><span class='ocrx_word' id='word_1_16' title='bbox 74 644 153 727; x_wconf 82' lang='lat' dir='ltr'>pegi.</span> <span class='ocrx_word' id='word_1_17' title='bbox 171 643 243 703; x_wconf 89' lang='lat' dir='ltr'>llam</span> <span class='ocrx_word' id='word_1_18' title='bbox 258 646 361 724; x_wconf 80' lang='grc' dir='ltr'><strong><em>δῆμοι</em></strong></span> <span class='ocrx_word' id='word_1_19' title='bbox 380 642 551 718; x_wconf 72' lang='grc' dir='ltr'><strong><em>Ἀττικῆς,</em></strong></span> <span class='ocrx_word' id='word_1_20' title='bbox 573 638 698 718; x_wconf 78' lang='lat' dir='ltr'><strong><em>Populi</em></strong></span> <span class='ocrx_word' id='word_1_21' title='bbox 720 639 872 712; x_wconf 84' lang='lat' dir='ltr'>Atticae,</span> <span class='ocrx_word' id='word_1_22' title='bbox 896 638 934 699; x_wconf 90' lang='lat' dir='ltr'>de</span> <span class='ocrx_word' id='word_1_23' title='bbox 956 635 1074 721; x_wconf 87' lang='lat' dir='ltr'>quibus</span> <span class='ocrx_word' id='word_1_24' title='bbox 1096 649 1201 704; x_wconf 85' lang='lat' dir='ltr'>exstat</span> <span class='ocrx_word' id='word_1_25' title='bbox 1222 630 1376 703; x_wconf 84' lang='lat' dir='ltr'>Meursii</span> 
     </span>
     <span class='ocr_line' id='line_1_4' title="bbox 74 730 1372 816; baseline -0.005 -18"><span class='ocrx_word' id='word_1_26' title='bbox 74 737 186 809; x_wconf 69' lang='lat' dir='ltr'>libellus,</span> <span class='ocrx_word' id='word_1_27' title='bbox 208 736 285 797; x_wconf 87' lang='lat' dir='ltr'>nihil</span> <span class='ocrx_word' id='word_1_28' title='bbox 302 746 400 808; x_wconf 88' lang='lat' dir='ltr'>sunt,</span> <span class='ocrx_word' id='word_1_29' title='bbox 426 732 488 795; x_wconf 86' lang='lat' dir='ltr'>nisi</span> <span class='ocrx_word' id='word_1_30' title='bbox 504 733 592 816; x_wconf 86' lang='lat' dir='ltr'>pagi</span> <span class='ocrx_word' id='word_1_31' title='bbox 602 734 795 812; x_wconf 78' lang='lat' dir='ltr'>(Centone),</span> <span class='ocrx_word' id='word_1_32' title='bbox 819 731 851 794; x_wconf 91' lang='lat' dir='ltr'>in</span> <span class='ocrx_word' id='word_1_33' title='bbox 874 751 955 815; x_wconf 88' lang='lat' dir='ltr'>quos</span> <span class='ocrx_word' id='word_1_34' title='bbox 978 730 1086 793; x_wconf 87' lang='lat' dir='ltr'>Attica</span> <span class='ocrx_word' id='word_1_35' title='bbox 1110 746 1178 798; x_wconf 84' lang='lat' dir='ltr'>erat</span> <span class='ocrx_word' id='word_1_36' title='bbox 1200 731 1372 813; x_wconf 85' lang='lat' dir='ltr'>descripta,</span> 
     </span>
     <span class='ocr_line' id='line_1_5' title="bbox 71 825 1373 912; baseline -0.002 -20"><span class='ocrx_word' id='word_1_37' title='bbox 71 842 125 892; x_wconf 84' lang='lat' dir='ltr'>eta</span> <span class='ocrx_word' id='word_1_38' title='bbox 142 831 247 912; x_wconf 88' lang='lat' dir='ltr'>quihus</span> <span class='ocrx_word' id='word_1_39' title='bbox 271 828 510 901; x_wconf 72' lang='lat' dir='ltr'><strong>Athenienses,</strong></span> <span class='ocrx_word' id='word_1_40' title='bbox 533 839 567 888; x_wconf 91' lang='lat' dir='ltr'>ut</span> <span class='ocrx_word' id='word_1_41' title='bbox 591 827 731 890; x_wconf 86' lang='lat' dir='ltr'>Romani</span> <span class='ocrx_word' id='word_1_42' title='bbox 753 846 770 887; x_wconf 93' lang='lat' dir='ltr'>a</span> <span class='ocrx_word' id='word_1_43' title='bbox 793 825 961 901; x_wconf 77' lang='lat' dir='ltr'><strong>tribubus,</strong></span> <span class='ocrx_word' id='word_1_44' title='bbox 987 826 1244 894; x_wconf 79' lang='lat' dir='ltr'><strong>nominabantur.</strong></span> <span class='ocrx_word' id='word_1_45' title='bbox 1289 831 1373 894; x_wconf 79' lang='lat' dir='ltr'>Nem</span> 
     </span>
     <span class='ocr_line' id='line_1_6' title="bbox 66 919 1431 1010; baseline 0.001 -22"><span class='ocrx_word' id='word_1_46' title='bbox 66 924 234 988; x_wconf 84' lang='lat' dir='ltr'>ntRomani</span> <span class='ocrx_word' id='word_1_47' title='bbox 262 945 296 986; x_wconf 81' lang='lat' dir='ltr'>r.</span> <span class='ocrx_word' id='word_1_48' title='bbox 328 944 361 985; x_wconf 86' lang='lat' dir='ltr'>e.</span> <span class='ocrx_word' id='word_1_49' title='bbox 386 923 552 985; x_wconf 76' lang='lat' dir='ltr'>dicebant:</span> <span class='ocrx_word' id='word_1_50' title='bbox 582 925 626 1004; x_wconf 83' lang='lat' dir='ltr'>Q.</span> <span class='ocrx_word' id='word_1_51' title='bbox 654 924 782 986; x_wconf 83' lang='lat' dir='ltr'>Verres</span> <span class='ocrx_word' id='word_1_52' title='bbox 804 919 980 993; x_wconf 63' lang='lat' dir='ltr'>nemetim·</span> <span class='ocrx_word' id='word_1_53' title='bbox 1015 919 1062 984; x_wconf 84' lang='lat' dir='ltr'>sic</span> <span class='ocrx_word' id='word_1_54' title='bbox 1090 924 1233 1009; x_wconf 57' lang='lat' dir='ltr'>Graecis</span> <span class='ocrx_word' id='word_1_55' title='bbox 1263 928 1375 1010; x_wconf 68' lang='lat' dir='ltr'>Atpeo-v</span> <span class='ocrx_word' id='word_1_56' title='bbox 1429 966 1431 970; x_wconf 29' lang='grc' dir='ltr'><strong><em>ι</em></strong></span> 
     </span>
     <span class='ocr_line' id='line_1_7' title="bbox 62 1013 1376 1106; baseline 0.002 -25"><span class='ocrx_word' id='word_1_57' title='bbox 62 1026 160 1096; x_wconf 67' lang='grc' dir='ltr'><strong><em>σδίνης</em></strong></span> <span class='ocrx_word' id='word_1_58' title='bbox 180 1018 377 1093; x_wconf 79' lang='grc' dir='ltr'><strong><em>Παιανιεύς.</em></strong></span> <span class='ocrx_word' id='word_1_59' title='bbox 424 1015 547 1079; x_wconf 89' lang='lat' dir='ltr'>Cicero</span> <span class='ocrx_word' id='word_1_60' title='bbox 569 1014 646 1079; x_wconf 87' lang='lat' dir='ltr'>dicit</span> <span class='ocrx_word' id='word_1_61' title='bbox 668 1035 701 1077; x_wconf 88' lang='lat' dir='ltr'>se</span> <span class='ocrx_word' id='word_1_62' title='bbox 723 1013 889 1094; x_wconf 77' lang='lat' dir='ltr'>scripsisse</span> <span class='ocrx_word' id='word_1_63' title='bbox 911 1015 947 1075; x_wconf 91' lang='lat' dir='ltr'>in</span> <span class='ocrx_word' id='word_1_64' title='bbox 964 1014 1172 1100; x_wconf 75' lang='lat' dir='ltr'>Piraeeum3</span> <span class='ocrx_word' id='word_1_65' title='bbox 1193 1021 1291 1106; x_wconf 87' lang='lat' dir='ltr'>idque</span> <span class='ocrx_word' id='word_1_66' title='bbox 1313 1019 1376 1085; x_wconf 87' lang='lat' dir='ltr'>eibi</span> 
     </span>
     <span class='ocr_line' id='line_1_8' title="bbox 60 1107 1373 1199; baseline 0.006 -26"><span class='ocrx_word' id='word_1_67' title='bbox 60 1114 190 1175; x_wconf 81' lang='lat' dir='ltr'>vitiosum</span> <span class='ocrx_word' id='word_1_68' title='bbox 208 1112 309 1175; x_wconf 80' lang='lat' dir='ltr'>risum</span> <span class='ocrx_word' id='word_1_69' title='bbox 333 1124 404 1175; x_wconf 88' lang='lat' dir='ltr'>non</span> <span class='ocrx_word' id='word_1_70' title='bbox 426 1131 513 1185; x_wconf 90' lang='lat' dir='ltr'>esse,</span> <span class='ocrx_word' id='word_1_71' title='bbox 544 1111 631 1192; x_wconf 90' lang='lat' dir='ltr'>quod</span> <span class='ocrx_word' id='word_1_72' title='bbox 653 1111 692 1171; x_wconf 89' lang='lat' dir='ltr'>de</span> <span class='ocrx_word' id='word_1_73' title='bbox 715 1109 854 1173; x_wconf 82' lang='lat' dir='ltr'>Piraeeo</span> <span class='ocrx_word' id='word_1_74' title='bbox 870 1107 1020 1186; x_wconf 82' lang='lat' dir='ltr'>dixisset,</span> <span class='ocrx_word' id='word_1_75' title='bbox 1041 1132 1108 1174; x_wconf 90' lang='lat' dir='ltr'>nen</span> <span class='ocrx_word' id='word_1_76' title='bbox 1123 1126 1159 1177; x_wconf 89' lang='lat' dir='ltr'>ut</span> <span class='ocrx_word' id='word_1_77' title='bbox 1174 1115 1212 1177; x_wconf 86' lang='lat' dir='ltr'>de</span> <span class='ocrx_word' id='word_1_78' title='bbox 1227 1115 1373 1199; x_wconf 82' lang='lat' dir='ltr'>oppido,</span> 
     </span>
     <span class='ocr_line' id='line_1_9' title="bbox 59 1202 1373 1288; baseline 0.006 -19"><span class='ocrx_word' id='word_1_79' title='bbox 59 1209 106 1269; x_wconf 80' lang='lat' dir='ltr'>sed</span> <span class='ocrx_word' id='word_1_80' title='bbox 125 1218 157 1269; x_wconf 86' lang='lat' dir='ltr'>nt</span> <span class='ocrx_word' id='word_1_81' title='bbox 176 1209 212 1269; x_wconf 87' lang='lat' dir='ltr'>de</span> <span class='ocrx_word' id='word_1_82' title='bbox 231 1208 331 1280; x_wconf 87' lang='lat' dir='ltr'>loeo,</span> <span class='ocrx_word' id='word_1_83' title='bbox 360 1208 390 1274; x_wconf 87' lang='lat' dir='ltr'>h.</span> <span class='ocrx_word' id='word_1_84' title='bbox 412 1226 443 1267; x_wconf 90' lang='lat' dir='ltr'>e.</span> <span class='ocrx_word' id='word_1_85' title='bbox 462 1226 574 1288; x_wconf 85' lang='lat' dir='ltr'>pago,</span> <span class='ocrx_word' id='word_1_86' title='bbox 604 1205 760 1288; x_wconf 81' lang='lat' dir='ltr'>regione.</span> <span class='ocrx_word' id='word_1_87' title='bbox 783 1202 831 1264; x_wconf 86' lang='lat' dir='ltr'>sie</span> <span class='ocrx_word' id='word_1_88' title='bbox 853 1202 1040 1267; x_wconf 81' lang='lat' dir='ltr'>&#39;serentium</span> <span class='ocrx_word' id='word_1_89' title='bbox 1063 1205 1180 1272; x_wconf 83' lang='lat' dir='ltr'>dixisse</span> <span class='ocrx_word' id='word_1_90' title='bbox 1201 1233 1220 1272; x_wconf 91' lang='lat' dir='ltr'>e</span> <span class='ocrx_word' id='word_1_91' title='bbox 1250 1212 1373 1277; x_wconf 78' lang='lat' dir='ltr'>Sunio.</span> 
     </span>
     <span class='ocr_line' id='line_1_10' title="bbox 58 1297 1371 1388; baseline 0.005 -24"><span class='ocrx_word' id='word_1_92' title='bbox 58 1300 174 1364; x_wconf 73' lang='lat' dir='ltr'>Snninn</span> <span class='ocrx_word' id='word_1_93' title='bbox 193 1321 291 1383; x_wconf 85' lang='lat' dir='ltr'>aeque</span> <span class='ocrx_word' id='word_1_94' title='bbox 313 1321 390 1363; x_wconf 86' lang='lat' dir='ltr'>esse</span> <span class='ocrx_word' id='word_1_95' title='bbox 413 1299 565 1381; x_wconf 87' lang='lat' dir='ltr'>oppidum</span> <span class='ocrx_word' id='word_1_96' title='bbox 588 1312 625 1362; x_wconf 83' lang='lat' dir='ltr'>ac</span> <span class='ocrx_word' id='word_1_97' title='bbox 648 1299 831 1363; x_wconf 75' lang='lat' dir='ltr'>Piraeeum.</span> <span class='ocrx_word' id='word_1_98' title='bbox 859 1297 974 1382; x_wconf 89' lang='lat' dir='ltr'>Itaque</span> <span class='ocrx_word' id='word_1_99' title='bbox 989 1298 1017 1361; x_wconf 86' lang='lat' dir='ltr'>si</span> <span class='ocrx_word' id='word_1_100' title='bbox 1040 1302 1138 1384; x_wconf 86' lang='grc' dir='ltr'><strong><em>δῆμοι</em></strong></span> <span class='ocrx_word' id='word_1_101' title='bbox 1160 1303 1223 1366; x_wconf 90' lang='lat' dir='ltr'>sint</span> <span class='ocrx_word' id='word_1_102' title='bbox 1238 1307 1371 1388; x_wconf 89' lang='lat' dir='ltr'>oppida,</span> 
     </span>
     <span class='ocr_line' id='line_1_11' title="bbox 57 1392 1374 1477; baseline 0.006 -20"><span class='ocrx_word' id='word_1_103' title='bbox 57 1396 222 1458; x_wconf 81' lang='lat' dir='ltr'>necessario</span> <span class='ocrx_word' id='word_1_104' title='bbox 254 1395 448 1458; x_wconf 87' lang='lat' dir='ltr'>Terentium</span> <span class='ocrx_word' id='word_1_105' title='bbox 476 1414 610 1477; x_wconf 51' lang='lat' dir='ltr'>&gt;quoque</span> <span class='ocrx_word' id='word_1_106' title='bbox 641 1413 807 1475; x_wconf 84' lang='lat' dir='ltr'>peccasse.</span> <span class='ocrx_word' id='word_1_107' title='bbox 862 1392 927 1455; x_wconf 90' lang='lat' dir='ltr'>Sed</span> <span class='ocrx_word' id='word_1_108' title='bbox 956 1394 1149 1475; x_wconf 63' lang='lat' dir='ltr'>{serentium</span> <span class='ocrx_word' id='word_1_109' title='bbox 1180 1396 1374 1465; x_wconf 82' lang='lat' dir='ltr'>intellexisse</span> 
     </span>
     <span class='ocr_line' id='line_1_12' title="bbox 57 1480 1387 1579; baseline 0.008 -30"><span class='ocrx_word' id='word_1_110' title='bbox 57 1491 188 1553; x_wconf 82' lang='lat' dir='ltr'>Sunium</span> <span class='ocrx_word' id='word_1_111' title='bbox 203 1511 357 1573; x_wconf 82' lang='lat' dir='ltr'>pagum,</span> <span class='ocrx_word' id='word_1_112' title='bbox 376 1491 565 1571; x_wconf 85' lang='lat' dir='ltr'>populum,</span> <span class='ocrx_word' id='word_1_113' title='bbox 589 1488 679 1551; x_wconf 90' lang='lat' dir='ltr'>cuius</span> <span class='ocrx_word' id='word_1_114' title='bbox 702 1497 799 1569; x_wconf 90' lang='lat' dir='ltr'>capnt</span> <span class='ocrx_word' id='word_1_115' title='bbox 820 1497 903 1549; x_wconf 87' lang='lat' dir='ltr'>esset</span> <span class='ocrx_word' id='word_1_116' title='bbox 926 1487 1004 1550; x_wconf 87' lang='lat' dir='ltr'>urbs</span> <span class='ocrx_word' id='word_1_117' title='bbox 1027 1489 1178 1568; x_wconf 89' lang='lat' dir='ltr'>Sunium,</span> <span class='ocrx_word' id='word_1_118' title='bbox 1203 1494 1311 1579; x_wconf 87' lang='lat' dir='ltr'>etqui</span> <span class='ocrx_word' id='word_1_119' title='bbox 1334 1480 1387 1560; x_wconf 25' lang='lat' dir='ltr'>ab*</span> 
     </span>
     <span class='ocr_line' id='line_1_13' title="bbox 58 1580 1374 1675; baseline -0.001 -31"><span class='ocrx_word' id='word_1_120' title='bbox 58 1602 94 1645; x_wconf 91' lang='lat' dir='ltr'>eo</span> <span class='ocrx_word' id='word_1_121' title='bbox 114 1584 225 1665; x_wconf 83' lang='lat' dir='ltr'>oppido</span> <span class='ocrx_word' id='word_1_122' title='bbox 246 1583 483 1666; x_wconf 75' lang='lat' dir='ltr'>appellaretur.</span> <span class='ocrx_word' id='word_1_123' title='bbox 536 1582 590 1644; x_wconf 88' lang='lat' dir='ltr'>Sic</span> <span class='ocrx_word' id='word_1_124' title='bbox 617 1603 651 1645; x_wconf 90' lang='lat' dir='ltr'>se</span> <span class='ocrx_word' id='word_1_125' title='bbox 680 1580 799 1644; x_wconf 85' lang='lat' dir='ltr'>dixisse</span> <span class='ocrx_word' id='word_1_126' title='bbox 821 1582 851 1644; x_wconf 89' lang='lat' dir='ltr'>in</span> <span class='ocrx_word' id='word_1_127' title='bbox 875 1583 1061 1646; x_wconf 80' lang='lat' dir='ltr'>Piraeeum</span> <span class='ocrx_word' id='word_1_128' title='bbox 1077 1606 1229 1669; x_wconf 85' lang='lat' dir='ltr'>pagum,</span> <span class='ocrx_word' id='word_1_129' title='bbox 1261 1612 1374 1675; x_wconf 72' lang='lat' dir='ltr'>popu.</span> 
     </span>
     <span class='ocr_line' id='line_1_14' title="bbox 58 1675 1373 1762; baseline 0.008 -25"><span class='ocrx_word' id='word_1_130' title='bbox 58 1679 136 1753; x_wconf 83' lang='lat' dir='ltr'>lum,</span> <span class='ocrx_word' id='word_1_131' title='bbox 158 1700 218 1740; x_wconf 90' lang='lat' dir='ltr'>non</span> <span class='ocrx_word' id='word_1_132' title='bbox 238 1679 410 1761; x_wconf 86' lang='lat' dir='ltr'>oppidum</span> <span class='ocrx_word' id='word_1_133' title='bbox 431 1677 546 1759; x_wconf 87' lang='lat' dir='ltr'>ipsum.</span> <span class='ocrx_word' id='word_1_134' title='bbox 580 1675 635 1739; x_wconf 90' lang='lat' dir='ltr'>Sic</span> <span class='ocrx_word' id='word_1_135' title='bbox 657 1676 827 1758; x_wconf 86' lang='lat' dir='ltr'>capiendos</span> <span class='ocrx_word' id='word_1_136' title='bbox 851 1688 898 1738; x_wconf 90' lang='lat' dir='ltr'>est</span> <span class='ocrx_word' id='word_1_137' title='bbox 920 1677 1030 1755; x_wconf 90' lang='lat' dir='ltr'>loeus,</span> <span class='ocrx_word' id='word_1_138' title='bbox 1056 1701 1150 1762; x_wconf 89' lang='lat' dir='ltr'>quem</span> <span class='ocrx_word' id='word_1_139' title='bbox 1171 1704 1230 1746; x_wconf 90' lang='lat' dir='ltr'>nec</span> <span class='ocrx_word' id='word_1_140' title='bbox 1252 1688 1373 1754; x_wconf 70' lang='grc' dir='ltr'><strong><em>ὁιιάιυ</em></strong></span> 
     </span>
     <span class='ocr_line' id='line_1_15' title="bbox 60 1769 1375 1866; baseline 0.008 -33"><span class='ocrx_word' id='word_1_141' title='bbox 60 1770 202 1833; x_wconf 75' lang='lat' dir='ltr'>Graevius</span> <span class='ocrx_word' id='word_1_142' title='bbox 227 1773 300 1835; x_wconf 89' lang='lat' dir='ltr'>satis</span> <span class='ocrx_word' id='word_1_143' title='bbox 328 1772 432 1853; x_wconf 84' lang='lat' dir='ltr'>cepit.</span> <span class='ocrx_word' id='word_1_144' title='bbox 478 1771 560 1832; x_wconf 82' lang='lat' dir='ltr'>Nem</span> <span class='ocrx_word' id='word_1_145' title='bbox 582 1773 695 1834; x_wconf 86' lang='lat' dir='ltr'>locum</span> <span class='ocrx_word' id='word_1_146' title='bbox 718 1769 858 1851; x_wconf 81' lang='lat' dir='ltr'>explicat</span> <span class='ocrx_word' id='word_1_147' title='bbox 881 1772 919 1833; x_wconf 91' lang='lat' dir='ltr'>de</span> <span class='ocrx_word' id='word_1_148' title='bbox 941 1772 1031 1849; x_wconf 84' lang='lat' dir='ltr'>uico,</span> <span class='ocrx_word' id='word_1_149' title='bbox 1069 1774 1170 1857; x_wconf 85' lang='lat' dir='ltr'>qualis</span> <span class='ocrx_word' id='word_1_150' title='bbox 1192 1779 1287 1866; x_wconf 79' lang='lat' dir='ltr'>Htga</span> <span class='ocrx_word' id='word_1_151' title='bbox 1311 1785 1375 1847; x_wconf 86' lang='lat' dir='ltr'>Ba-</span> 
     </span>
     <span class='ocr_line' id='line_1_16' title="bbox 60 1864 1430 1963; baseline 0.012 -37"><span class='ocrx_word' id='word_1_152' title='bbox 60 1875 208 1939; x_wconf 77' lang='lat' dir='ltr'>tsvorum3</span> <span class='ocrx_word' id='word_1_153' title='bbox 236 1887 316 1949; x_wconf 85' lang='lat' dir='ltr'>quae</span> <span class='ocrx_word' id='word_1_154' title='bbox 349 1864 502 1930; x_wconf 82' lang='lat' dir='ltr'>vocabuli</span> <span class='ocrx_word' id='word_1_155' title='bbox 529 1864 578 1928; x_wconf 88' lang='lat' dir='ltr'>vis</span> <span class='ocrx_word' id='word_1_156' title='bbox 608 1865 715 1929; x_wconf 87' lang='lat' dir='ltr'>locum</span> <span class='ocrx_word' id='word_1_157' title='bbox 748 1864 800 1927; x_wconf 90' lang='lat' dir='ltr'>hie</span> <span class='ocrx_word' id='word_1_158' title='bbox 826 1866 1024 1948; x_wconf 85' lang='lat' dir='ltr'>nonhabet.</span> <span class='ocrx_word' id='word_1_159' title='bbox 1081 1868 1162 1932; x_wconf 87' lang='lat' dir='ltr'>Nam</span> <span class='ocrx_word' id='word_1_160' title='bbox 1186 1892 1251 1936; x_wconf 87' lang='lat' dir='ltr'>non</span> <span class='ocrx_word' id='word_1_161' title='bbox 1275 1880 1374 1963; x_wconf 86' lang='lat' dir='ltr'>magis</span> <span class='ocrx_word' id='word_1_162' title='bbox 1426 1931 1430 1941; x_wconf 89' lang='lat'>.</span> 
     </span>
     <span class='ocr_line' id='line_1_17' title="bbox 61 1958 1322 2046; baseline 0.01 -26"><span class='ocrx_word' id='word_1_163' title='bbox 61 1958 118 2020; x_wconf 90' lang='lat' dir='ltr'>dici</span> <span class='ocrx_word' id='word_1_164' title='bbox 136 1971 257 2041; x_wconf 86' lang='lat' dir='ltr'>potest:</span> <span class='ocrx_word' id='word_1_165' title='bbox 276 1959 439 2046; x_wconf 77' lang='lat' dir='ltr'>profecti</span> <span class='ocrx_word' id='word_1_166' title='bbox 461 1981 581 2023; x_wconf 84' lang='lat' dir='ltr'>sumus</span> <span class='ocrx_word' id='word_1_167' title='bbox 601 1961 639 2023; x_wconf 88' lang='lat' dir='ltr'>in</span> <span class='ocrx_word' id='word_1_168' title='bbox 661 1963 820 2042; x_wconf 84' lang='lat' dir='ltr'>Hogam,</span> <span class='ocrx_word' id='word_1_169' title='bbox 844 1980 939 2042; x_wconf 82' lang='lat' dir='ltr'>quam</span> <span class='ocrx_word' id='word_1_170' title='bbox 962 1961 998 2024; x_wconf 91' lang='lat' dir='ltr'>in</span> <span class='ocrx_word' id='word_1_171' title='bbox 1020 1961 1190 2045; x_wconf 86' lang='lat' dir='ltr'>Lipsiam.</span> <span class='ocrx_word' id='word_1_172' title='bbox 1235 1970 1322 2034; x_wconf 84' lang='lat' dir='ltr'>Euu.</span> 
     </span>
     <span class='ocr_line' id='line_1_18' title="bbox 138 2054 1374 2148; baseline 0.016 -33"><span class='ocrx_word' id='word_1_173' title='bbox 138 2056 376 2137; x_wconf 60' lang='grc' dir='ltr'>δημοσθένους,</span> <span class='ocrx_word' id='word_1_174' title='bbox 410 2055 665 2119; x_wconf 78' lang='lat' dir='ltr'>Demosthenis.</span> <span class='ocrx_word' id='word_1_175' title='bbox 719 2056 808 2137; x_wconf 78' lang='lat' dir='ltr'>„Sed</span> <span class='ocrx_word' id='word_1_176' title='bbox 836 2054 863 2115; x_wconf 89' lang='lat' dir='ltr'>si</span> <span class='ocrx_word' id='word_1_177' title='bbox 896 2058 1111 2121; x_wconf 85' lang='lat' dir='ltr'>recordabere</span> <span class='ocrx_word' id='word_1_178' title='bbox 1145 2063 1374 2148; x_wconf 62' lang='grc' dir='ltr'><strong><em>Δημοσθένους</em></strong></span> 
     </span>
     <span class='ocr_line' id='line_1_19' title="bbox 63 2146 1372 2233; baseline 0.009 -24"><span class='ocrx_word' id='word_1_179' title='bbox 63 2146 196 2223; x_wconf 76' lang='lat' dir='ltr'>inimica,</span> <span class='ocrx_word' id='word_1_180' title='bbox 214 2161 276 2213; x_wconf 85' lang='lat' dir='ltr'>tum</span> <span class='ocrx_word' id='word_1_181' title='bbox 296 2149 459 2233; x_wconf 84' lang='lat' dir='ltr'>intelliges</span> <span class='ocrx_word' id='word_1_182' title='bbox 481 2170 578 2233; x_wconf 89' lang='lat' dir='ltr'>posse</span> <span class='ocrx_word' id='word_1_183' title='bbox 601 2161 633 2211; x_wconf 89' lang='lat' dir='ltr'>et</span> <span class='ocrx_word' id='word_1_184' title='bbox 654 2148 859 2215; x_wconf 79' lang='grc' dir='ltr'><strong><em>ἀτιικιόταια</em></strong></span> <span class='ocrx_word' id='word_1_185' title='bbox 882 2150 1071 2233; x_wconf 82' lang='lat' dir='ltr'>gravissime</span> <span class='ocrx_word' id='word_1_186' title='bbox 1087 2154 1160 2221; x_wconf 87' lang='lat' dir='ltr'>dici.</span> <span class='ocrx_word' id='word_1_187' title='bbox 1173 2157 1192 2185; x_wconf 87' lang='lat'>&#39;&#39;</span> <span class='ocrx_word' id='word_1_188' title='bbox 1238 2160 1278 2223; x_wconf 89' lang='lat' dir='ltr'>ad</span> <span class='ocrx_word' id='word_1_189' title='bbox 1299 2163 1372 2226; x_wconf 85' lang='lat' dir='ltr'>Att.</span> 
     </span>
     <span class='ocr_line' id='line_1_20' title="bbox 73 2241 1341 2318; baseline 0.008 -17"><span class='ocrx_word' id='word_1_190' title='bbox 73 2241 148 2301; x_wconf 76' lang='lat' dir='ltr'>tut.</span> <span class='ocrx_word' id='word_1_191' title='bbox 168 2243 240 2318; x_wconf 80' lang='lat' dir='ltr'>ts,</span> <span class='ocrx_word' id='word_1_192' title='bbox 260 2246 291 2309; x_wconf 79' lang='grc'>7.</span> <span class='ocrx_word' id='word_1_193' title='bbox 1332 2293 1341 2311; x_wconf 86' lang='lat'>.</span> 
     </span>
     <span class='ocr_line' id='line_1_21' title="bbox 158 2336 1374 2423; baseline 0.01 -26"><span class='ocrx_word' id='word_1_194' title='bbox 158 2336 470 2414; x_wconf 64' lang='lat' dir='ltr'>dm&#39;bsotg‚sens1ts,</span> <span class='ocrx_word' id='word_1_195' title='bbox 502 2338 690 2423; x_wconf 74' lang='lat' dir='ltr'>cogitatio,</span> <span class='ocrx_word' id='word_1_196' title='bbox 714 2342 863 2402; x_wconf 85' lang='lat' dir='ltr'>animus.</span> <span class='ocrx_word' id='word_1_197' title='bbox 909 2341 1090 2421; x_wconf 83' lang='lat' dir='ltr'>„Odorare</span> <span class='ocrx_word' id='word_1_198' title='bbox 1111 2354 1215 2409; x_wconf 87' lang='lat' dir='ltr'>tamen</span> <span class='ocrx_word' id='word_1_199' title='bbox 1240 2345 1374 2411; x_wconf 84' lang='lat' dir='ltr'>Antonii</span> 
     </span>
     <span class='ocr_line' id='line_1_22' title="bbox 84 2427 1371 2518; baseline 0.009 -27"><span class='ocrx_word' id='word_1_200' title='bbox 84 2427 234 2504; x_wconf 63' lang='lat' dir='ltr'>tedesco,</span> <span class='ocrx_word' id='word_1_201' title='bbox 255 2452 335 2512; x_wconf 86' lang='lat' dir='ltr'>quem</span> <span class='ocrx_word' id='word_1_202' title='bbox 354 2434 479 2518; x_wconf 81' lang='lat' dir='ltr'>quidem</span> <span class='ocrx_word' id='word_1_203' title='bbox 496 2454 560 2518; x_wconf 87' lang='lat' dir='ltr'>ego</span> <span class='ocrx_word' id='word_1_204' title='bbox 581 2434 744 2515; x_wconf 89' lang='lat' dir='ltr'>epularum</span> <span class='ocrx_word' id='word_1_205' title='bbox 760 2433 861 2518; x_wconf 84' lang='lat' dir='ltr'>magis</span> <span class='ocrx_word' id='word_1_206' title='bbox 886 2434 1027 2499; x_wconf 88' lang='lat' dir='ltr'>arbitror</span> <span class='ocrx_word' id='word_1_207' title='bbox 1048 2437 1205 2501; x_wconf 87' lang='lat' dir='ltr'>rationem</span> <span class='ocrx_word' id='word_1_208' title='bbox 1228 2440 1371 2517; x_wconf 82' lang='lat' dir='ltr'>habere,</span> 
     </span>
     <span class='ocr_line' id='line_1_23' title="bbox 81 2524 1054 2616; baseline 0.013 -36"><span class='ocrx_word' id='word_1_209' title='bbox 81 2541 169 2604; x_wconf 87' lang='lat' dir='ltr'>qnam</span> <span class='ocrx_word' id='word_1_210' title='bbox 189 2524 343 2609; x_wconf 82' lang='lat' dir='ltr'>quidquam</span> <span class='ocrx_word' id='word_1_211' title='bbox 361 2528 426 2592; x_wconf 88' lang='lat' dir='ltr'>mali</span> <span class='ocrx_word' id='word_1_212' title='bbox 449 2528 606 2614; x_wconf 86' lang='lat' dir='ltr'>cogitare.</span> <span class='ocrx_word' id='word_1_213' title='bbox 615 2528 634 2554; x_wconf 84' lang='lat'>&#39;¹</span> <span class='ocrx_word' id='word_1_214' title='bbox 677 2530 719 2616; x_wconf 7' lang='lat' dir='ltr'>‘ad</span> <span class='ocrx_word' id='word_1_215' title='bbox 740 2530 813 2592; x_wconf 80' lang='lat' dir='ltr'>Au.</span> <span class='ocrx_word' id='word_1_216' title='bbox 837 2527 937 2591; x_wconf 89' lang='lat' dir='ltr'>XIV.</span> <span class='ocrx_word' id='word_1_217' title='bbox 960 2529 996 2605; x_wconf 83' lang='lat'>3,</span> <span class='ocrx_word' id='word_1_218' title='bbox 1022 2531 1054 2593; x_wconf 76' lang='grc'>2.</span> 
     </span>
    </p>

    <p class='ocr_par' dir='ltr' id='par_1_3' title="bbox 77 2621 1440 2887">
     <span class='ocr_line' id='line_1_24' title="bbox 157 2621 1440 2711; baseline 0.002 -27"><span class='ocrx_word' id='word_1_219' title='bbox 157 2621 326 2703; x_wconf 72' lang='grc' dir='ltr'>Διαίρεσις,</span> <span class='ocrx_word' id='word_1_220' title='bbox 348 2623 483 2699; x_wconf 81' lang='lat' dir='ltr'>divisio,</span> <span class='ocrx_word' id='word_1_221' title='bbox 508 2623 720 2687; x_wconf 83' lang='lat' dir='ltr'>distributio.</span> <span class='ocrx_word' id='word_1_222' title='bbox 767 2622 902 2695; x_wconf 85' lang='lat' dir='ltr'>„Breve</span> <span class='ocrx_word' id='word_1_223' title='bbox 925 2635 1028 2686; x_wconf 80' lang='lat' dir='ltr'>autem</span> <span class='ocrx_word' id='word_1_224' title='bbox 1052 2623 1187 2688; x_wconf 89' lang='lat' dir='ltr'>edictum</span> <span class='ocrx_word' id='word_1_225' title='bbox 1219 2638 1267 2691; x_wconf 86' lang='lat' dir='ltr'>est</span> <span class='ocrx_word' id='word_1_226' title='bbox 1296 2650 1374 2711; x_wconf 89' lang='lat' dir='ltr'>pro·</span> <span class='ocrx_word' id='word_1_227' title='bbox 1436 2676 1440 2687; x_wconf 68' lang='lat'>.</span> 
     </span>
     <span class='ocr_line' id='line_1_25' title="bbox 77 2713 1373 2805; baseline 0.012 -33"><span class='ocrx_word' id='word_1_228' title='bbox 77 2720 148 2790; x_wconf 89' lang='lat' dir='ltr'>pter</span> <span class='ocrx_word' id='word_1_229' title='bbox 163 2713 232 2776; x_wconf 85' lang='lat' dir='ltr'>hane</span> <span class='ocrx_word' id='word_1_230' title='bbox 249 2737 341 2779; x_wconf 87' lang='lat' dir='ltr'>meam</span> <span class='ocrx_word' id='word_1_231' title='bbox 353 2725 532 2805; x_wconf 79' lang='grc' dir='ltr'><strong><em>διαίρεσιν,</em></strong></span> <span class='ocrx_word' id='word_1_232' title='bbox 550 2719 645 2803; x_wconf 82' lang='lat' dir='ltr'>quod</span> <span class='ocrx_word' id='word_1_233' title='bbox 668 2718 794 2781; x_wconf 90' lang='lat' dir='ltr'>duobus</span> <span class='ocrx_word' id='word_1_234' title='bbox 817 2716 988 2800; x_wconf 86' lang='lat' dir='ltr'>generibus</span> <span class='ocrx_word' id='word_1_235' title='bbox 1011 2718 1196 2783; x_wconf 90' lang='lat' dir='ltr'>edicendum</span> <span class='ocrx_word' id='word_1_236' title='bbox 1218 2724 1373 2805; x_wconf 85' lang='lat' dir='ltr'>putavi.’&#39;</span> 
     </span>
     <span class='ocr_line' id='line_1_26' title="bbox 80 2806 1391 2887; baseline 0.014 -23"><span class='ocrx_word' id='word_1_237' title='bbox 80 2806 329 2887; x_wconf 61' lang='lat' dir='ltr'>attunt,</span> <span class='ocrx_word' id='word_1_238' title='bbox 354 2816 407 2879; x_wconf 90' lang='grc'>15.</span> <span class='ocrx_word' id='word_1_239' title='bbox 1386 2818 1391 2829; x_wconf 78' lang='grc'>’</span> 
     </span>
    </p>

    <p class='ocr_par' dir='ltr' id='par_1_4' title="bbox 71 2903 1370 3086">
     <span class='ocr_line' id='line_1_27' title="bbox 148 2903 1370 2998; baseline 0.011 -33"><span class='ocrx_word' id='word_1_240' title='bbox 148 2903 338 2987; x_wconf 76' lang='grc' dir='ltr'><strong><em>Διαλεκτική,</em></strong></span> <span class='ocrx_word' id='word_1_241' title='bbox 371 2930 434 2972; x_wconf 83' lang='lat' dir='ltr'>ors</span> <span class='ocrx_word' id='word_1_242' title='bbox 456 2910 538 2972; x_wconf 87' lang='lat' dir='ltr'>bene</span> <span class='ocrx_word' id='word_1_243' title='bbox 566 2908 760 2972; x_wconf 87' lang='lat' dir='ltr'>disserendi</span> <span class='ocrx_word' id='word_1_244' title='bbox 781 2920 815 2972; x_wconf 86' lang='lat' dir='ltr'>et</span> <span class='ocrx_word' id='word_1_245' title='bbox 834 2929 919 2971; x_wconf 87' lang='lat' dir='ltr'>vero</span> <span class='ocrx_word' id='word_1_246' title='bbox 945 2928 987 2970; x_wconf 86' lang='lat' dir='ltr'>oe</span> <span class='ocrx_word' id='word_1_247' title='bbox 1003 2904 1115 2998; x_wconf 86' lang='lat' dir='ltr'>salso</span> <span class='ocrx_word' id='word_1_248' title='bbox 1143 2911 1370 2980; x_wconf 85' lang='lat' dir='ltr'>diiudicandi.</span> 
     </span>
     <span class='ocr_line' id='line_1_28' title="bbox 71 2992 1053 3086; baseline 0.011 -30"><span class='ocrx_word' id='word_1_249' title='bbox 71 2992 107 3056; x_wconf 83' lang='lat' dir='ltr'>tle</span> <span class='ocrx_word' id='word_1_250' title='bbox 124 2996 174 3061; x_wconf 74' lang='lat' dir='ltr'>or.</span> <span class='ocrx_word' id='word_1_251' title='bbox 194 2998 237 3063; x_wconf 91' lang='lat' dir='ltr'>ll.</span> <span class='ocrx_word' id='word_1_252' title='bbox 258 3002 315 3080; x_wconf 84' lang='grc'>33,</span> <span class='ocrx_word' id='word_1_253' title='bbox 343 3004 419 3067; x_wconf 90' lang='grc'><strong>157.</strong></span> <span class='ocrx_word' id='word_1_254' title='bbox 444 3006 534 3086; x_wconf 86' lang='lat' dir='ltr'>Top.</span> <span class='ocrx_word' id='word_1_255' title='bbox 558 3004 597 3081; x_wconf 75' lang='grc'>3,</span> <span class='ocrx_word' id='word_1_256' title='bbox 623 3003 656 3065; x_wconf 80' lang='lat'>6.</span> <span class='ocrx_word' id='word_1_257' title='bbox 680 3003 781 3067; x_wconf 85' lang='lat' dir='ltr'>Conl.</span> <span class='ocrx_word' id='word_1_258' title='bbox 806 3004 895 3085; x_wconf 86' lang='lat' dir='ltr'>Top.</span> <span class='ocrx_word' id='word_1_259' title='bbox 918 3004 975 3079; x_wconf 79' lang='grc'>11,</span> <span class='ocrx_word' id='word_1_260' title='bbox 999 3007 1053 3067; x_wconf 90' lang='grc'>57.</span> 
     </span>
    </p>

    <p class='ocr_par' dir='ltr' id='par_1_5' title="bbox 56 3084 1406 3456">
     <span class='ocr_line' id='line_1_29' title="bbox 136 3084 1373 3187; baseline 0.007 -30"><span class='ocrx_word' id='word_1_261' title='bbox 136 3094 304 3180; x_wconf 66' lang='grc' dir='ltr'><strong><em>Διάλογος,</em></strong></span> <span class='ocrx_word' id='word_1_262' title='bbox 328 3098 511 3182; x_wconf 79' lang='lat' dir='ltr'>dialogus,</span> <span class='ocrx_word' id='word_1_263' title='bbox 545 3120 679 3173; x_wconf 84' lang='lat' dir='ltr'>sermo,</span> <span class='ocrx_word' id='word_1_264' title='bbox 703 3097 924 3182; x_wconf 82' lang='lat' dir='ltr'>colloquium.</span> <span class='ocrx_word' id='word_1_265' title='bbox 982 3099 1080 3179; x_wconf 84' lang='lat' dir='ltr'>„Nos</span> <span class='ocrx_word' id='word_1_266' title='bbox 1103 3084 1254 3178; x_wconf 80' lang='lat' dir='ltr'>Tarenti,</span> <span class='ocrx_word' id='word_1_267' title='bbox 1290 3124 1373 3187; x_wconf 90' lang='lat' dir='ltr'>quos</span> 
     </span>
     <span class='ocr_line' id='line_1_30' title="bbox 60 3188 1406 3277; baseline 0.007 -27"><span class='ocrx_word' id='word_1_268' title='bbox 60 3205 121 3246; x_wconf 73' lang='lat' dir='ltr'>tum</span> <span class='ocrx_word' id='word_1_269' title='bbox 145 3188 297 3273; x_wconf 86' lang='lat' dir='ltr'>Pompeio</span> <span class='ocrx_word' id='word_1_270' title='bbox 324 3194 503 3277; x_wconf 75' lang='grc' dir='ltr'><strong><em>διαλόγους</em></strong></span> <span class='ocrx_word' id='word_1_271' title='bbox 533 3196 573 3257; x_wconf 86' lang='lat' dir='ltr'>de</span> <span class='ocrx_word' id='word_1_272' title='bbox 597 3215 633 3257; x_wconf 88' lang='lat' dir='ltr'>re</span> <span class='ocrx_word' id='word_1_273' title='bbox 663 3190 791 3273; x_wconf 84' lang='lat' dir='ltr'>publiea</span> <span class='ocrx_word' id='word_1_274' title='bbox 820 3191 1042 3268; x_wconf 79' lang='lat' dir='ltr'>habuerimus,</span> <span class='ocrx_word' id='word_1_275' title='bbox 1079 3196 1117 3257; x_wconf 88' lang='lat' dir='ltr'>ad</span> <span class='ocrx_word' id='word_1_276' title='bbox 1142 3209 1172 3258; x_wconf 89' lang='lat' dir='ltr'>te</span> <span class='ocrx_word' id='word_1_277' title='bbox 1194 3198 1376 3276; x_wconf 87' lang='lat' dir='ltr'>perscribe·</span> <span class='ocrx_word' id='word_1_278' title='bbox 1404 3266 1406 3273; x_wconf 53' lang='lat'>.</span> 
     </span>
     <span class='ocr_line' id='line_1_31' title="bbox 57 3279 1372 3371; baseline 0.013 -32"><span class='ocrx_word' id='word_1_279' title='bbox 57 3279 155 3342; x_wconf 83' lang='lat' dir='ltr'>nns.&#39;’</span> <span class='ocrx_word' id='word_1_280' title='bbox 193 3287 231 3346; x_wconf 87' lang='lat' dir='ltr'>ad</span> <span class='ocrx_word' id='word_1_281' title='bbox 251 3286 327 3350; x_wconf 81' lang='lat' dir='ltr'>An.</span> <span class='ocrx_word' id='word_1_282' title='bbox 354 3287 401 3350; x_wconf 89' lang='lat' dir='ltr'>V.</span> <span class='ocrx_word' id='word_1_283' title='bbox 427 3288 463 3362; x_wconf 91' lang='grc'>5,</span> <span class='ocrx_word' id='word_1_284' title='bbox 489 3288 521 3349; x_wconf 76' lang='lat'>2.</span> <span class='ocrx_word' id='word_1_285' title='bbox 544 3322 585 3334; x_wconf 94' lang='lat'><em>-</em></span> <span class='ocrx_word' id='word_1_286' title='bbox 623 3339 639 3369; x_wconf 84' lang='grc'>,,</span> <span class='ocrx_word' id='word_1_287' title='bbox 651 3287 815 3350; x_wconf 88' lang='lat' dir='ltr'>Varronis</span> <span class='ocrx_word' id='word_1_288' title='bbox 838 3287 995 3371; x_wconf 84' lang='grc' dir='ltr'><strong><em>διάλογον</em></strong></span> <span class='ocrx_word' id='word_1_289' title='bbox 1018 3299 1184 3370; x_wconf 80' lang='lat' dir='ltr'>exspecto.</span> <span class='ocrx_word' id='word_1_290' title='bbox 1195 3291 1214 3319; x_wconf 82' lang='lat'>&#39;⁹</span> <span class='ocrx_word' id='word_1_291' title='bbox 1238 3294 1278 3353; x_wconf 86' lang='lat' dir='ltr'>ad</span> <span class='ocrx_word' id='word_1_292' title='bbox 1300 3294 1372 3356; x_wconf 82' lang='lat' dir='ltr'>Att.</span> 
     </span>
     <span class='ocr_line' id='line_1_32' title="bbox 56 3374 749 3456; baseline 0.01 -20"><span class='ocrx_word' id='word_1_293' title='bbox 56 3374 128 3437; x_wconf 80' lang='lat' dir='ltr'>XV.</span> <span class='ocrx_word' id='word_1_294' title='bbox 151 3380 205 3454; x_wconf 91' lang='grc'>13,</span> <span class='ocrx_word' id='word_1_295' title='bbox 227 3382 262 3444; x_wconf 95' lang='grc'>3.</span> <span class='ocrx_word' id='word_1_296' title='bbox 285 3417 332 3429; x_wconf 88' lang='grc'>-</span> <span class='ocrx_word' id='word_1_297' title='bbox 377 3379 479 3444; x_wconf 87' lang='lat' dir='ltr'>Conf.</span> <span class='ocrx_word' id='word_1_298' title='bbox 504 3382 568 3445; x_wconf 90' lang='lat' dir='ltr'>Or.</span> <span class='ocrx_word' id='word_1_299' title='bbox 591 3384 648 3456; x_wconf 76' lang='grc'>11,</span> <span class='ocrx_word' id='word_1_300' title='bbox 675 3382 749 3444; x_wconf 88' lang='grc'><strong>151.</strong></span> 
     </span>
    </p>
   </div>
   <div class='ocr_carea' id='block_1_3' title="bbox 128 3475 1374 3565">
    <p class='ocr_par' dir='ltr' id='par_1_6' title="bbox 128 3475 1374 3565">
     <span class='ocr_line' id='line_1_33' title="bbox 128 3475 1374 3565; baseline 0.006 -28"><span class='ocrx_word' id='word_1_301' title='bbox 128 3475 342 3555; x_wconf 80' lang='grc' dir='ltr'><strong><em>Διανοητικαὶ</em></strong></span> <span class='ocrx_word' id='word_1_302' title='bbox 358 3487 554 3555; x_wconf 72' lang='grc' dir='ltr'><strong><em>φαντασίαι,</em></strong></span> <span class='ocrx_word' id='word_1_303' title='bbox 569 3476 801 3561; x_wconf 81' lang='lat' dir='ltr'>intelligibiles</span> <span class='ocrx_word' id='word_1_304' title='bbox 818 3477 977 3553; x_wconf 82' lang='lat' dir='ltr'>visiones,</span> <span class='ocrx_word' id='word_1_305' title='bbox 992 3478 1066 3540; x_wconf 87' lang='lat' dir='ltr'>viso</span> <span class='ocrx_word' id='word_1_306' title='bbox 1080 3501 1198 3543; x_wconf 88' lang='lat' dir='ltr'>rerum</span> <span class='ocrx_word' id='word_1_307' title='bbox 1210 3480 1374 3565; x_wconf 87' lang='lat' dir='ltr'>intelligi-</span> 
     </span>
    </p>
   </div>
   <div class='ocr_carea' id='block_1_4' title="bbox 54 3562 1487 3655">
    <p class='ocr_par' dir='ltr' id='par_1_7' title="bbox 54 3562 1487 3655">
     <span class='ocr_line' id='line_1_34' title="bbox 54 3562 1487 3655; baseline 0.013 -30"><span class='ocrx_word' id='word_1_308' title='bbox 54 3562 174 3640; x_wconf 87' lang='lat' dir='ltr'>bilium,</span> <span class='ocrx_word' id='word_1_309' title='bbox 201 3593 270 3634; x_wconf 88' lang='lat' dir='ltr'>non</span> <span class='ocrx_word' id='word_1_310' title='bbox 292 3571 529 3634; x_wconf 85' lang='lat' dir='ltr'>sensibilium.</span> <span class='ocrx_word' id='word_1_311' title='bbox 553 3575 594 3633; x_wconf 90' lang='lat' dir='ltr'>ad</span> <span class='ocrx_word' id='word_1_312' title='bbox 615 3572 709 3635; x_wconf 86' lang='lat' dir='ltr'>Fam.</span> <span class='ocrx_word' id='word_1_313' title='bbox 731 3573 814 3634; x_wconf 91' lang='lat' dir='ltr'>XV.</span> <span class='ocrx_word' id='word_1_314' title='bbox 839 3573 897 3648; x_wconf 80' lang='lat' dir='ltr'>lb,</span> <span class='ocrx_word' id='word_1_315' title='bbox 924 3577 956 3634; x_wconf 88' lang='lat'>1.</span> <span class='ocrx_word' id='word_1_316' title='bbox 980 3571 1056 3638; x_wconf 88' lang='lat' dir='ltr'>Vid.</span> <span class='ocrx_word' id='word_1_317' title='bbox 1080 3594 1108 3634; x_wconf 91' lang='lat' dir='ltr'>s.</span> <span class='ocrx_word' id='word_1_318' title='bbox 1132 3595 1164 3638; x_wconf 85' lang='lat' dir='ltr'>r.</span> <span class='ocrx_word' id='word_1_319' title='bbox 1189 3579 1371 3641; x_wconf 81' lang='grc' dir='ltr'><strong><em>Φαντασίιι.</em></strong></span> <span class='ocrx_word' id='word_1_320' title='bbox 1471 3599 1487 3655; x_wconf 86' lang='grc'>,·</span> 
     </span>
    </p>
   </div>
   <div class='ocr_carea' id='block_1_5' title="bbox 5 3664 1457 4991">
    <p class='ocr_par' dir='ltr' id='par_1_8' title="bbox 58 3664 1374 3930">
     <span class='ocr_line' id='line_1_35' title="bbox 124 3664 1372 3750; baseline 0.003 -24"><span class='ocrx_word' id='word_1_321' title='bbox 124 3664 337 3749; x_wconf 75' lang='grc' dir='ltr'><strong><em>Διαρῥῆδην,</em></strong></span> <span class='ocrx_word' id='word_1_322' title='bbox 360 3666 505 3739; x_wconf 79' lang='lat' dir='ltr'>diserte,</span> <span class='ocrx_word' id='word_1_323' title='bbox 532 3678 663 3748; x_wconf 86' lang='lat' dir='ltr'>operte.</span> <span class='ocrx_word' id='word_1_324' title='bbox 710 3664 851 3746; x_wconf 88' lang='lat' dir='ltr'>„Omnia</span> <span class='ocrx_word' id='word_1_325' title='bbox 874 3665 1063 3748; x_wconf 79' lang='lat' dir='ltr'>pqstpos11i‚</span> <span class='ocrx_word' id='word_1_326' title='bbox 1081 3669 1254 3732; x_wconf 89' lang='lat' dir='ltr'>dummodo</span> <span class='ocrx_word' id='word_1_327' title='bbox 1276 3690 1372 3750; x_wconf 88' lang='lat' dir='ltr'>prae-</span> 
     </span>
     <span class='ocr_line' id='line_1_36' title="bbox 58 3755 1374 3848; baseline 0.003 -27"><span class='ocrx_word' id='word_1_328' title='bbox 58 3755 139 3832; x_wconf 75' lang='lat' dir='ltr'>teptis</span> <span class='ocrx_word' id='word_1_329' title='bbox 159 3763 256 3839; x_wconf 87' lang='lat' dir='ltr'>patris</span> <span class='ocrx_word' id='word_1_330' title='bbox 274 3780 450 3843; x_wconf 79' lang='lat' dir='ltr'>pareremt</span> <span class='ocrx_word' id='word_1_331' title='bbox 485 3761 668 3848; x_wconf 74' lang='grc' dir='ltr'><strong><em>διαῤῥήδην</em></strong></span> <span class='ocrx_word' id='word_1_332' title='bbox 693 3760 776 3823; x_wconf 89' lang='lat' dir='ltr'>enim</span> <span class='ocrx_word' id='word_1_333' title='bbox 806 3758 996 3842; x_wconf 82' lang='lat' dir='ltr'>scripserat,</span> <span class='ocrx_word' id='word_1_334' title='bbox 1031 3773 1067 3823; x_wconf 88' lang='lat' dir='ltr'>ut</span> <span class='ocrx_word' id='word_1_335' title='bbox 1089 3783 1159 3824; x_wconf 89' lang='lat' dir='ltr'>eum</span> <span class='ocrx_word' id='word_1_336' title='bbox 1183 3765 1374 3847; x_wconf 82' lang='lat' dir='ltr'>(Gorgian)</span> 
     </span>
     <span class='ocr_line' id='line_1_37' title="bbox 64 3844 877 3930; baseline 0.009 -20"><span class='ocrx_word' id='word_1_337' title='bbox 64 3844 220 3916; x_wconf 69' lang='grc' dir='ltr'><strong><em>διὶιιιισσι</em></strong></span> <span class='ocrx_word' id='word_1_338' title='bbox 246 3854 404 3919; x_wconf 77' lang='lat' dir='ltr'>statim.’&#39;</span> <span class='ocrx_word' id='word_1_339' title='bbox 449 3857 487 3917; x_wconf 84' lang='lat' dir='ltr'>ad</span> <span class='ocrx_word' id='word_1_340' title='bbox 512 3855 811 3930; x_wconf 79' lang='lat' dir='ltr'>Fam.XV1.2t,</span> <span class='ocrx_word' id='word_1_341' title='bbox 846 3856 877 3917; x_wconf 83' lang='lat'>6.</span> 
     </span>
    </p>

    <p class='ocr_par' dir='ltr' id='par_1_9' title="bbox 64 3949 1376 4126">
     <span class='ocr_line' id='line_1_38' title="bbox 129 3949 1376 4042; baseline 0.003 -32"><span class='ocrx_word' id='word_1_342' title='bbox 129 3950 314 4035; x_wconf 79' lang='grc' dir='ltr'><strong><em>Διάῤῥοια,</em></strong></span> <span class='ocrx_word' id='word_1_343' title='bbox 350 3950 420 4012; x_wconf 83' lang='lat' dir='ltr'>alvi</span> <span class='ocrx_word' id='word_1_344' title='bbox 443 3949 674 4042; x_wconf 78' lang='lat' dir='ltr'>profluvium.</span> <span class='ocrx_word' id='word_1_345' title='bbox 720 3951 851 4031; x_wconf 77' lang='lat' dir='ltr'>„Tanta</span> <span class='ocrx_word' id='word_1_346' title='bbox 883 3972 932 4012; x_wconf 89' lang='lat' dir='ltr'>me</span> <span class='ocrx_word' id='word_1_347' title='bbox 961 3950 1123 4036; x_wconf 75' lang='grc' dir='ltr'><strong><em>διάῤῥοια</em></strong></span> <span class='ocrx_word' id='word_1_348' title='bbox 1152 3949 1305 4033; x_wconf 89' lang='lat' dir='ltr'>arripuit,</span> <span class='ocrx_word' id='word_1_349' title='bbox 1340 3962 1376 4014; x_wconf 90' lang='lat' dir='ltr'>ut</span> 
     </span>
     <span class='ocr_line' id='line_1_39' title="bbox 64 4029 1287 4126; baseline -0.001 -19"><span class='ocrx_word' id='word_1_350' title='bbox 64 4029 288 4121; x_wconf 70' lang='lat' dir='ltr'>holltprimum</span> <span class='ocrx_word' id='word_1_351' title='bbox 312 4044 462 4107; x_wconf 83' lang='lat' dir='ltr'>videatur</span> <span class='ocrx_word' id='word_1_352' title='bbox 484 4045 630 4126; x_wconf 87' lang='lat' dir='ltr'>coepisse</span> <span class='ocrx_word' id='word_1_353' title='bbox 646 4044 864 4107; x_wconf 82' lang='lat' dir='ltr'>consistere.&#39;’</span> <span class='ocrx_word' id='word_1_354' title='bbox 887 4047 924 4105; x_wconf 82' lang='lat' dir='ltr'>sd</span> <span class='ocrx_word' id='word_1_355' title='bbox 946 4045 1039 4109; x_wconf 88' lang='lat' dir='ltr'>Fam.</span> <span class='ocrx_word' id='word_1_356' title='bbox 1064 4046 1146 4110; x_wconf 90' lang='lat' dir='ltr'>Vll.</span> <span class='ocrx_word' id='word_1_357' title='bbox 1171 4045 1230 4120; x_wconf 72' lang='lat' dir='ltr'>ib,</span> <span class='ocrx_word' id='word_1_358' title='bbox 1255 4046 1287 4107; x_wconf 77' lang='lat'>2.</span> 
     </span>
    </p>

    <p class='ocr_par' dir='ltr' id='par_1_10' title="bbox 50 4137 1375 4411">
     <span class='ocr_line' id='line_1_40' title="bbox 131 4137 1374 4224; baseline 0.003 -25"><span class='ocrx_word' id='word_1_359' title='bbox 131 4139 187 4200; x_wconf 76' lang='grc' dir='ltr'>Διά</span> <span class='ocrx_word' id='word_1_360' title='bbox 212 4152 389 4224; x_wconf 66' lang='grc' dir='ltr'><strong><em>σημείων,</em></strong></span> <span class='ocrx_word' id='word_1_361' title='bbox 413 4161 480 4222; x_wconf 85' lang='lat' dir='ltr'>per</span> <span class='ocrx_word' id='word_1_362' title='bbox 505 4151 624 4213; x_wconf 87' lang='lat' dir='ltr'>notas,</span> <span class='ocrx_word' id='word_1_363' title='bbox 656 4160 722 4221; x_wconf 84' lang='lat' dir='ltr'>per</span> <span class='ocrx_word' id='word_1_364' title='bbox 747 4137 868 4223; x_wconf 83' lang='lat' dir='ltr'>siglas.</span> <span class='ocrx_word' id='word_1_365' title='bbox 904 4152 943 4219; x_wconf 76' lang='lat'>¹„</span> <span class='ocrx_word' id='word_1_366' title='bbox 955 4139 1051 4219; x_wconf 84' lang='lat' dir='ltr'>Quod</span> <span class='ocrx_word' id='word_1_367' title='bbox 1079 4143 1118 4202; x_wconf 88' lang='lat' dir='ltr'>ad</span> <span class='ocrx_word' id='word_1_368' title='bbox 1143 4152 1174 4202; x_wconf 92' lang='lat' dir='ltr'>te</span> <span class='ocrx_word' id='word_1_369' title='bbox 1201 4141 1239 4201; x_wconf 93' lang='lat' dir='ltr'>de</span> <span class='ocrx_word' id='word_1_370' title='bbox 1267 4143 1374 4203; x_wconf 90' lang='lat' dir='ltr'>decem</span> 
     </span>
     <span class='ocr_line' id='line_1_41' title="bbox 53 4219 1375 4318; baseline 0.009 -35"><span class='ocrx_word' id='word_1_371' title='bbox 53 4219 153 4307; x_wconf 78' lang='lat' dir='ltr'>legatis</span> <span class='ocrx_word' id='word_1_372' title='bbox 168 4236 305 4317; x_wconf 79' lang='lat' dir='ltr'>scripsi,</span> <span class='ocrx_word' id='word_1_373' title='bbox 331 4254 447 4314; x_wconf 87' lang='lat' dir='ltr'>parum</span> <span class='ocrx_word' id='word_1_374' title='bbox 466 4232 643 4308; x_wconf 83' lang='lat' dir='ltr'>intellexti,</span> <span class='ocrx_word' id='word_1_375' title='bbox 668 4235 785 4307; x_wconf 87' lang='lat' dir='ltr'>eredo,</span> <span class='ocrx_word' id='word_1_376' title='bbox 806 4233 878 4315; x_wconf 89' lang='lat' dir='ltr'>quia</span> <span class='ocrx_word' id='word_1_377' title='bbox 901 4233 957 4299; x_wconf 85' lang='grc' dir='ltr'><strong><em>διὰ</em></strong></span> <span class='ocrx_word' id='word_1_378' title='bbox 979 4246 1121 4318; x_wconf 74' lang='grc' dir='ltr'><strong><em>σημείων</em></strong></span> <span class='ocrx_word' id='word_1_379' title='bbox 1142 4234 1375 4317; x_wconf 87' lang='lat' dir='ltr'>scripseram.’&#39;</span> 
     </span>
     <span class='ocr_line' id='line_1_42' title="bbox 50 4321 842 4411; baseline 0.003 -24"><span class='ocrx_word' id='word_1_380' title='bbox 50 4321 84 4380; x_wconf 63' lang='lat' dir='ltr'>id</span> <span class='ocrx_word' id='word_1_381' title='bbox 100 4324 293 4393; x_wconf 80' lang='lat' dir='ltr'>an.x111.</span> <span class='ocrx_word' id='word_1_382' title='bbox 321 4328 385 4411; x_wconf 76' lang='grc'>37,</span> <span class='ocrx_word' id='word_1_383' title='bbox 406 4328 440 4391; x_wconf 85' lang='grc'>3.</span> <span class='ocrx_word' id='word_1_384' title='bbox 840 4346 842 4350; x_wconf 65' lang='grc'><strong>“</strong></span> 
     </span>
    </p>

    <p class='ocr_par' dir='ltr' id='par_1_11' title="bbox 46 4420 1376 4593">
     <span class='ocr_line' id='line_1_43' title="bbox 117 4420 1376 4514; baseline -0.002 -27"><span class='ocrx_word' id='word_1_385' title='bbox 117 4422 294 4506; x_wconf 60' lang='lat' dir='ltr'>diosponti</span> <span class='ocrx_word' id='word_1_386' title='bbox 305 4474 313 4499; x_wconf 93' lang='lat'>‚</span> <span class='ocrx_word' id='word_1_387' title='bbox 329 4420 512 4514; x_wconf 63' lang='lat' dir='ltr'>‘irffamim</span> <span class='ocrx_word' id='word_1_388' title='bbox 536 4422 696 4486; x_wconf 80' lang='lat' dir='ltr'>dedecus.</span> <span class='ocrx_word' id='word_1_389' title='bbox 741 4422 925 4497; x_wconf 87' lang='lat' dir='ltr'>„Lentulus</span> <span class='ocrx_word' id='word_1_390' title='bbox 944 4425 1124 4511; x_wconf 66' lang='lat' dir='ltr'>diospontii</span> <span class='ocrx_word' id='word_1_391' title='bbox 1142 4422 1376 4489; x_wconf 83' lang='lat' dir='ltr'>Corfiniensem</span> 
     </span>
     <span class='ocr_line' id='line_1_44' title="bbox 46 4513 692 4593; baseline 0.009 -19"><span class='ocrx_word' id='word_1_392' title='bbox 46 4513 267 4580; x_wconf 78' lang='lat' dir='ltr'>relmmidat.&#39;&#39;</span> <span class='ocrx_word' id='word_1_393' title='bbox 316 4518 357 4578; x_wconf 97' lang='lat' dir='ltr'>ad</span> <span class='ocrx_word' id='word_1_394' title='bbox 377 4520 450 4581; x_wconf 84' lang='lat' dir='ltr'>An.</span> <span class='ocrx_word' id='word_1_395' title='bbox 475 4514 544 4581; x_wconf 81' lang='lat' dir='ltr'>lX.</span> <span class='ocrx_word' id='word_1_396' title='bbox 570 4517 628 4593; x_wconf 91' lang='grc'>13,</span> <span class='ocrx_word' id='word_1_397' title='bbox 660 4519 692 4580; x_wconf 89' lang='grc'>7.</span> 
     </span>
    </p>

    <p class='ocr_par' dir='ltr' id='par_1_12' title="bbox 45 4609 1422 4883">
     <span class='ocr_line' id='line_1_45' title="bbox 116 4609 1377 4697; baseline -0.003 -20"><span class='ocrx_word' id='word_1_398' title='bbox 116 4613 307 4697; x_wconf 67' lang='lat' dir='ltr'>desipuere.</span> <span class='ocrx_word' id='word_1_399' title='bbox 367 4609 507 4691; x_wconf 82' lang='lat' dir='ltr'>,Cyrus</span> <span class='ocrx_word' id='word_1_400' title='bbox 533 4609 636 4675; x_wconf 79' lang='lat' dir='ltr'>aiebat</span> <span class='ocrx_word' id='word_1_401' title='bbox 666 4611 894 4677; x_wconf 85' lang='lat' dir='ltr'>viridariorum</span> <span class='ocrx_word' id='word_1_402' title='bbox 931 4610 1109 4694; x_wconf 77' lang='grc' dir='ltr'><strong><em>διαφάσεις</em></strong></span> <span class='ocrx_word' id='word_1_403' title='bbox 1140 4610 1211 4674; x_wconf 87' lang='lat' dir='ltr'>latis</span> <span class='ocrx_word' id='word_1_404' title='bbox 1250 4609 1377 4674; x_wconf 89' lang='lat' dir='ltr'>lumini-</span> 
     </span>
     <span class='ocr_line' id='line_1_46' title="bbox 46 4700 1422 4792; baseline 0.004 -28"><span class='ocrx_word' id='word_1_405' title='bbox 46 4700 96 4764; x_wconf 83' lang='lat' dir='ltr'>bss</span> <span class='ocrx_word' id='word_1_406' title='bbox 120 4727 183 4770; x_wconf 84' lang='lat' dir='ltr'>non</span> <span class='ocrx_word' id='word_1_407' title='bbox 205 4720 278 4770; x_wconf 87' lang='lat' dir='ltr'>tam</span> <span class='ocrx_word' id='word_1_408' title='bbox 311 4727 382 4771; x_wconf 89' lang='lat' dir='ltr'>esse</span> <span class='ocrx_word' id='word_1_409' title='bbox 408 4707 561 4771; x_wconf 78' lang='lat' dir='ltr'>straves.&#39;&#39;</span> <span class='ocrx_word' id='word_1_410' title='bbox 612 4707 651 4768; x_wconf 88' lang='lat' dir='ltr'>ad</span> <span class='ocrx_word' id='word_1_411' title='bbox 673 4707 745 4770; x_wconf 80' lang='lat' dir='ltr'>Au.</span> <span class='ocrx_word' id='word_1_412' title='bbox 775 4706 822 4772; x_wconf 90' lang='lat' dir='ltr'>Il.</span> <span class='ocrx_word' id='word_1_413' title='bbox 849 4708 891 4784; x_wconf 92' lang='grc'>3,</span> <span class='ocrx_word' id='word_1_414' title='bbox 915 4707 948 4769; x_wconf 75' lang='grc'>3.</span> <span class='ocrx_word' id='word_1_415' title='bbox 972 4739 1014 4750; x_wconf 93' lang='grc'><strong>-</strong></span> <span class='ocrx_word' id='word_1_416' title='bbox 1064 4706 1235 4769; x_wconf 86' lang='lat' dir='ltr'>Intricatus</span> <span class='ocrx_word' id='word_1_417' title='bbox 1261 4706 1374 4780; x_wconf 90' lang='lat' dir='ltr'>locus,</span> <span class='ocrx_word' id='word_1_418' title='bbox 1418 4772 1422 4792; x_wconf 82' lang='lat'>.</span> 
     </span>
     <span class='ocr_line' id='line_1_47' title="bbox 45 4794 1377 4883; baseline -0.002 -20"><span class='ocrx_word' id='word_1_419' title='bbox 45 4794 72 4856; x_wconf 76' lang='lat' dir='ltr'>it</span> <span class='ocrx_word' id='word_1_420' title='bbox 92 4821 154 4882; x_wconf 86' lang='lat' dir='ltr'>qno</span> <span class='ocrx_word' id='word_1_421' title='bbox 175 4802 328 4866; x_wconf 85' lang='lat' dir='ltr'>sanando</span> <span class='ocrx_word' id='word_1_422' title='bbox 358 4810 505 4864; x_wconf 83' lang='lat' dir='ltr'>streete</span> <span class='ocrx_word' id='word_1_423' title='bbox 534 4800 725 4883; x_wconf 83' lang='lat' dir='ltr'>explicando</span> <span class='ocrx_word' id='word_1_424' title='bbox 748 4822 818 4867; x_wconf 88' lang='lat' dir='ltr'>cum</span> <span class='ocrx_word' id='word_1_425' title='bbox 838 4813 887 4864; x_wconf 92' lang='lat' dir='ltr'>tot</span> <span class='ocrx_word' id='word_1_426' title='bbox 914 4798 977 4863; x_wconf 86' lang='lat' dir='ltr'>riri</span> <span class='ocrx_word' id='word_1_427' title='bbox 1002 4800 1090 4865; x_wconf 79' lang='lat' dir='ltr'>do‘eti</span> <span class='ocrx_word' id='word_1_428' title='bbox 1120 4799 1319 4875; x_wconf 87' lang='lat' dir='ltr'>laborarint,</span> <span class='ocrx_word' id='word_1_429' title='bbox 1345 4810 1377 4862; x_wconf 92' lang='lat' dir='ltr'>et</span> 
     </span>
    </p>

    <p class='ocr_par' dir='ltr' id='par_1_13' title="bbox 5 4893 1457 4991">
     <span class='ocr_line' id='line_1_48' title="bbox 5 4893 1457 4991; baseline -0.005 -30"><span class='ocrx_word' id='word_1_430' title='bbox 5 4896 7 4981; x_wconf 58' lang='lat' dir='ltr'>l</span> <span class='ocrx_word' id='word_1_431' title='bbox 47 4904 173 4961; x_wconf 69' lang='lat' dir='ltr'>toaleam</span> <span class='ocrx_word' id='word_1_432' title='bbox 192 4897 460 4991; x_wconf 80' lang='lat' dir='ltr'>qualemcunque</span> <span class='ocrx_word' id='word_1_433' title='bbox 489 4894 673 4962; x_wconf 87' lang='lat' dir='ltr'>sententiam</span> <span class='ocrx_word' id='word_1_434' title='bbox 703 4914 887 4982; x_wconf 86' lang='lat' dir='ltr'>proponere</span> <span class='ocrx_word' id='word_1_435' title='bbox 911 4893 1033 4973; x_wconf 74' lang='lat' dir='ltr'>licebit,</span> <span class='ocrx_word' id='word_1_436' title='bbox 1078 4894 1162 4971; x_wconf 81' lang='lat' dir='ltr'>Edd,</span> <span class='ocrx_word' id='word_1_437' title='bbox 1185 4914 1237 4987; x_wconf 85' lang='lat' dir='ltr'>pr.</span> <span class='ocrx_word' id='word_1_438' title='bbox 1260 4894 1378 4967; x_wconf 83' lang='lat' dir='ltr'>habent</span> <span class='ocrx_word' id='word_1_439' title='bbox 1454 4924 1457 4931; x_wconf 89' lang='lat'>·</span> 
     </span>
    </p>
   </div>
   <div class='ocr_carea' id='block_1_6' title="bbox 0 0 1670 5576">
    <p class='ocr_par' dir='ltr' id='par_1_14' title="bbox 0 0 1670 5576">
     <span class='ocr_line' id='line_1_49' title="bbox 0 0 1670 5576; baseline 0 0"><span class='ocrx_word' id='word_1_440' title='bbox 0 0 1670 5576; x_wconf 95' lang='lat' dir='ltr'> </span> 
     </span>
    </p>
   </div>
  </div>
 </body>
</html>
