3328 5576
468 393 899 463 eunuco-nummus.
1095 366 1101 379 '
1305 401 1344 464 m

86 538 345 645 mamistanus,
377 556 468 619 quam
498 535 688 625 πρόσληψιν
716 532 809 601 iidem
838 549 974 615 vocant,
1003 559 1071 603 non
1097 538 1263 621 dabitur.''·
1306 543 1346 605 de

85 631 524 813 ΙλωΑῆόΙος53011138.Ντιςαιι
548 729 689 790 multae.
734 729 772 791 ad
793 728 866 793 Att.
890 726 992 821 XIV.
1016 727 1075 801 21,
1108 730 1205 791 1.-
1250 734 1346 813 πΛῆ.

83 848 119 905 pu
133 821 210 895 πολός
230 819 260 883 in
281 820 359 884 rino
383 832 417 883 et
435 821 466 882 iu
488 841 601 884 somno
623 820 799 884 istorum.''
844 824 883 884 ad
904 823 977 885 Au.
999 821 1100 885 XVI.
1125 825 1161 901 1,
1186 826 1217 888 5.

132 919 241 995 Λῆψις,
269 915 461 997 correptio,
498 914 660 996 impetus.
715 917 861 978 Verbum
883 915 1069 991 medicum,
1106 929 1140 978 nt
1171 925 1342 1000 ἐπίληψις,

73 1008 245 1094 spumatque
263 1009 495 1073 accessionem
507 1006 655 1098 febris,
691 1020 725 1071 ut
745 1008 865 1075 Cicero
892 1021 1006 1086 vocat,
1038 1009 1225 1095 initiumque
1248 1033 1347 1093 paro-

69 1104 155 1181 xysm'.
201 1103 273 1167 uit.
302 1102 427 1186 Cuperi
455 1102 632 1168 Observat.
659 1103 709 1166 ΙΙ.
738 1105 792 1166 lh.
815 1102 900 1171 Eun.
924 1135 967 1147 -
1010 1106 1105 1179 ,Tun
1129 1108 1229 1186 λῆψις
1250 1110 1344 1190 quem
1436 1129 1443 1145 ·
1533 1176 1536 1195 1

66 1196 89 1259 iu
105 1198 169 1260 heu
183 1198 331 1274 incurrat,
362 1197 490 1273 uesci03
517 1199 575 1261 sed
596 1215 731 1278 prorsus
756 1209 788 1260 te
810 1198 1006 1261 commoveri
1028 1198 1234 1264 incommodo
1257 1197 1344 1264 vale·

66 1291 366 1357 tudisistuaeuolo.''
410 1292 547 1356 adAtt.
570 1290 654 1353 Vll.
679 1295 716 1366 l,
748 1291 779 1355 3.
928 1352 935 1371 ,

125 1387 259 1465 Λιτότης,
291 1385 516 1453 mediocritas
545 1384 754 1461 tenuitates,
787 1406 852 1468 qua
877 1385 908 1448 in
935 1386 1009 1449 cibo
1043 1399 1075 1450 et
1099 1399 1182 1471 potu
1207 1387 1343 1467 utimur,

62 1498 115 1540 cuu
126 1481 267 1562 pectinem
280 1481 373 1545 cibos
387 1514 429 1528 ·-
443 1479 633 1563 nimiamque
650 1478 774 1562 copiam
790 1513 832 1525 -
848 1500 867 1544 a
887 1480 1002 1544 mensis
1018 1502 1223 1547 amovemus:
1248 1486 1344 1566 „ch

63 1576 240 1655 sumptuaria,
255 1596 339 1658 quae
360 1577 486 1639 videtur
508 1574 657 1652 λιτότητα
679 1570 840 1651 attulisse,
873 1596 909 1638 ea
932 1575 1006 1638 mihi
1033 1576 1138 1640 fraudi
1156 1576 1261 1642 fuit.''
1305 1582 1347 1644 ad

62 1666 132 1732 Fan.
149 1668 220 1734 vlt.
242 1670 301 1746 26,
327 1671 363 1733 2.

123 1764 232 1846 Λογική
240 1815 247 1840 ,
265 1765 398 1848 logice,
414 1763 638 1847 philosophiae
652 1785 739 1848 pars,
764 1784 845 1848 quae
861 1775 909 1826 est
921 1766 1092 1846 quaerendi
1108 1788 1145 1830 ac
1156 1765 1343 1844 disserendi,

63 1875 123 1936 quae
139 1857 216 1920 cuam
236 1857 405 1930 dialectice
426 1857 554 1922 dicitur.
599 1860 664 1941 „In
687 1859 786 1921 altera
812 1857 1037 1940 philosophiae
1061 1871 1170 1942 parte,
1194 1873 1345 1944 quaeest

63 1952 195 2031 merendi
217 1974 252 2015 ac
276 1951 473 2029 disserendi,
506 1968 589 2035 quae
616 1953 728 2037 λογικό
754 1952 887 2028 dicitur,
922 1952 983 2015 iste
1005 1966 1112 2019 vester
1140 1954 1344 2037 (Epicurus)

64 2043 146 2121 plane,
168 2057 199 2109 ut
218 2046 291 2110 mihi
316 2045 443 2129 quidem
466 2046 609 2122 videtin,
643 2046 772 2111 inermis
801 2069 837 2111 uc
859 2049 961 2111 nudus
982 2047 1072 2112 est.’'
1115 2051 1155 2113 de
1187 2049 1283 2113 Fiun.
1311 2048 1342 2112 I.

67 2139 96 2210 l,
110 2138 150 2203 n.
165 2176 200 2187 -
238 2143 417 2224 ,Totaque
439 2151 488 2204 est
512 2143 641 2225 λογική,
663 2163 757 2225 quam
778 2142 933 2205 radonem
957 2143 1132 2208 disserendi
1154 2141 1344 2208 voco.”.dc

71 2228 130 2292 Fato
146 2236 214 2309 l,t.

132 2330 324 2417 Αογατότερα.
369 2330 496 2412 „Erant
516 2328 601 2393 euim
624 2329 855 2410 (Academica)
879 2332 1096 2417 λογικότερα,
1127 2353 1221 2417 quatu
1244 2342 1278 2395 ut
1298 2329 1346 2395 illi

76 2417 104 2477 de
117 2419 146 2481 iis
157 2427 306 2489 somniasse
331 2445 470 2507 uuquam
493 2424 717 2491 viderentur.’'
761 2428 802 2489 ad
815 2426 887 2490 An.
903 2426 1005 2490 XIII.
1032 2429 1089 2503 19,
1114 2427 1148 2491 5.
1182 2427 1263 2490 Sunt
1281 2425 1345 2489 dis-

69 2513 200 2591 putationes
224 2519 434 2594 subtiliores,
469 2518 581 2602 quales
603 2532 684 2603 'stunt
718 2541 846 2595 eorum,
883 2520 1034 2605 quicum
1060 2520 1284 2603 philosophiae
1308 2541 1343 2584 se

67 2624 139 2682 paene
153 2623 224 2677 totus
246 2613 465 2689 tradiderint,
489 2608 527 2674 de
546 2612 750 2696 philosophia
769 2613 941 2695 dispumant.
977 2613 1141 2677 subtilitas
1160 2625 1262 2677 autem
1282 2614 1344 2678 ista

66 2701 166 2766 mutu
187 2706 214 2769 in
238 2708 422 2771 definiendo
451 2719 483 2770 et
511 2711 780 2789 argumentando,
816 2729 949 2790 quarum
979 2726 1085 2777 rerum
1114 2719 1215 2771 artem
1246 2708 1344 2771 tradit

70 2796 145 2876 *tyrai
160 2820 209 2865 teu
227 2802 423 2882 διαλεκτική.
476 2801 529 2864 Sic
552 2798 670 2866 Cicero
690 2804 791 2866 Tusc.
812 2802 880 2865 lV.
905 2804 959 2865 14.
994 2824 1064 2865 cum
1091 2807 1207 2869 nanda
1235 2803 1344 2869 defini-

68 2885 135 2952 tiones
152 2907 178 2956 et
198 2896 439 2960 distributiones
460 2892 632 2958 informas
654 2896 827 2960 attulisseta
862 2897 978 2961 Habes
998 2916 1056 2972 ea,
1087 2918 1174 2981 quae
1198 2898 1241 2961 de
1258 2921 1341 2983 per·

65 2983 266 3054 urbanorum
281 2992 459 3056 enucleate
474 2989 654 3071 disputant
673 2991 908 3075 Stoici‚,quae
923 2990 1028 3075 logica
1042 2992 1236 3074 appellant,
1260 2992 1343 3077 quia

63 3074 235 3148 &uramur
254 3085 431 3149 subtilius.
475 3084 558 3148 Eun.
1066 3134 1069 3141 ⁴

118 3179 373 3259 Λογοόαιδαλος,
405 3177 596 3255 artificiosi
623 3179 794 3243 sermonis
800 3177 1020 3269 fabricator.
1062 3180 1171 3254 „Haec
1188 3191 1341 3247 tractasse

61 3263 289 3349 Thrasymachum
321 3270 574 3343 chalcedonium
601 3272 739 3355 primum
766 3284 797 3336 et
818 3273 1013 3338 Leontinum
1033 3273 1142 3341 ferunt
1160 3276 1339 3362 Gorgiam,

60 3360 225 3430 Theodorum
246 3370 323 3432 inde
345 3366 536 3448 Byzantium
563 3367 746 3452 multosque
769 3367 867 3442 alios,
902 3389 986 3453 quos
1009 3369 1264 3452 λογοὸαιόόλους
1287 3392 1343 3453 ap-

60 3452 130 3529 tdlflt
147 3459 175 3521 in
191 3462 343 3528 Phaedro
366 3464 537 3526 Socrates:
573 3482 710 3546 quorum
733 3460 808 3524 satia
826 3474 940 3544 arguta
964 3462 1077 3538 multa,
1111 3464 1167 3525 sed
1183 3476 1222 3526 ut
1245 3467 1341 3529 modo
1413 3516 1419 3536 „

61 3545 214 3721 Quaque
229 3555 393 3621 nascentia
409 3556 528 3619 minuta
543 3566 576 3619 et
590 3552 823 3620 vedsiculorum
845 3555 959 3619 similia
976 3558 1130 3640 quaedam
1150 3556 1341 3645 nimiumque

103 3639 110 3653 ⁸
166 3649 183 3674 '’
223 3654 351 3716 Orator
373 3651 434 3724 tn,
458 3650 514 3713 39.

119 3743 260 3825 Αόγοισιν
287 3744 504 3831 Ἑρμόδωρος
535 3746 596 3823 (ad
627 3744 838 3827 supplendum
866 3743 1027 3828 integrum
1056 3743 1212 3810 senarium
1241 3747 1341 3827 adde)

71 3837 243 3919 Ψητόεται,
280 3839 380 3904 libris
406 3840 649 3905 Hermodorus
678 3851 910 3904 mercaturam
919 3837 1035 3933 facit.
1079 3841 1120 3904 ad
1140 3840 1216 3905 Au.
1236 3838 1340 3904 Xlll.

74 3912 148 3995 ²hd.
179 3934 254 4002 Vid.
278 3935 449 4001 Onomast.
473 3955 502 3997 s.
525 3948 560 3997 u.
583 3933 834 4001 Hermodorus.

127 4028 218 4110 Λόπη,
246 4030 448 4114 aegritudo.
495 4027 629 4111 „Ipsam
648 4027 877 4113 aegritudinem
901 4027 1003 4108 λύπην
1025 4025 1229 4110 Chrysippus
1250 4026 1341 4111 quasi

64 4107 148 4267 111*ἷῶ
166 4125 195 4187 id
215 4138 282 4203 cst,
319 4123 513 4189 solutionem
534 4122 636 4189 totius
657 4121 811 4199 hominis,
847 4122 1037 4205 appellatam
1058 4131 1162 4204 putat.
1174 4120 1192 4197 ’f
1237 4122 1339 4185 Tusc.

106 4212 171 4292 ιῗὸ,
192 4220 246 4283 dl.

119 4312 256 4399 ὡρικοι,
279 4312 384 4401 lyrici
404 4333 451 4375 sc.
467 4315 604 4394 poetae,
629 4312 683 4396 quui
704 4315 743 4375 ad
761 4313 849 4392 lyrae
864 4321 989 4375 caunum
1010 4310 1149 4375 carmina
1163 4311 1337 4394 scripsere,

60 4395 141 4473 ‘imita
155 4407 230 4470 inter
249 4411 397 4472 Graecos
415 4404 595 4482 Pindarus,
618 4406 779 4482 Alcaeus,
803 4405 887 4469 iuter
909 4404 1043 4468 Latinos
1062 4406 1218 4470 Horatius
1237 4407 1339 4470 luera.

60 4486 164 4560 ,suu
183 4503 323 4566 versibus
339 4522 392 4565 res
419 4512 468 4563 est
488 4500 649 4583 apertior,
663 4520 863 4584 quamquam
885 4499 1012 4561 etiama
1034 4499 1135 4565 modis
1151 4500 1338 4584 quibusdam

59 4596 127 4649 ⁰²³¹!
140 4608 254 4661 remoto
274 4596 380 4661 soluta
404 4594 552 4658 rideatur
572 4614 642 4657 esse
664 4592 770 4657 oratio
789 4592 990 4675 maximeque
1007 4590 1041 4654 id
1061 4591 1093 4654 in
1114 4592 1237 4675 optimo
1258 4612 1339 4675 quio-

60 4693 105 4752 l¹¹0
123 4702 219 4751 eurum
238 4694 427 4773 peditarum,
462 4687 518 4774 qui
547 4694 674 4775 tepeant
698 4708 716 4750 a
743 4686 878 4753 Graecis
903 4685 1129 4762 nominantur,
1164 4705 1246 4771 quius
1267 4704 1338 4748 cum
1364 4709 1366 4713 ’

60 4782 129 4837 etth
146 4783 340 4861 spoliaveris,
362 4785 446 4847 nuda
467 4804 570 4866 paene
590 4793 734 4846 remanet
761 4779 910 4849 oratio.”
955 4778 1078 4845 Orator
1099 4777 1256 4856 55,,183.
1379 4852 1382 4859 ,

121 4874 231 4956 Αόπις,
258 4878 396 4945 solutio.
448 4878 584 4973 ,Ipsam
607 4876 836 4962 aegritudinem
867 4875 968 4955 λόπην
996 4872 1215 4956 Chrysippus,
1246 4867 1337 4955 qum
