3220 5572
372 332 378 349 ’
487 376 841 446 lupuit-uanum,
1077 343 1081 357 ’
1261 383 1323 447 aas
1444 388 1447 393 ’

64 519 176 604 aequales
209 519 253 583 lta
281 522 378 602 sacp'e
404 540 518 603 magna
548 519 671 584 indoles
698 518 842 597 virtutis,
874 519 963 603 prius
992 542 1085 606 quarn
1106 521 1156 587 rei
1177 522 1322 605 publicae

65 615 170 696 pendeus
186 613 351 693 potuisset,
375 613 528 676 exstincta
550 611 626 677 luit.
669 614 717 678 At
738 634 819 677 vero
842 617 926 696 apud
947 615 1095 699 antiquos
1117 616 1225 691 Rulli,
1256 615 1322 681 De·

64 706 102 782 cii,
117 704 227 769 Corvini
248 707 397 791 multique
419 705 490 781 alii,
521 705 699 771 recentiore
720 718 823 770 antem
845 707 998 771 memoria
1019 709 1170 790 superior
1191 709 1323 773 Africa·

61 820 110 873 scs,
134 800 165 864 Τ.
187 799 391 875 Flamininus,
427 801 593 862 admodum
624 799 841 863 adolescentes
867 801 1014 865 consules
1041 800 1118 866 lacti
1144 812 1247 864 tantas
1269 823 1322 865 res

57 903 191 977 gmannt,
211 904 243 956 nt
260 890 373 977 populi
388 891 527 958 Romani
541 892 703 974 imperium
721 893 881 970 auxerint,
897 915 1013 960 nomen
1031 893 1187 959 ornarint.
1211 893 1323 974 Ouidi

53 984 153 1048 mnan
162 986 355 1062 Alexander,
379 1009 448 1050 cum
470 989 509 1049 ab
525 986 650 1049 ineunte
668 997 770 1050 aetate
785 1007 836 1050 res
850 986 1000 1053 maximas
1017 1010 1132 1073 gerere
1151 987 1319 1071 coepisset,

50 1096 125 1139 noane
149 1077 233 1143 tertio
257 1092 290 1144 et
313 1079 475 1147 tricesimo
506 1098 590 1143 anno
616 1091 751 1143 mortem
779 1077 883 1144 obiit?
915 1102 1000 1166 quae·
1021 1094 1070 1147 est
1093 1093 1178 1146 aetas
1204 1081 1322 1147 nostris

48 1166 140 1251 legibus
158 1173 255 1236 deecm
277 1173 365 1237 annis
387 1172 492 1237 minor
513 1194 604 1256 quam
628 1171 820 1237 consularis.
864 1173 917 1236 Ex
947 1195 1013 1258 qno
1042 1174 1172 1239 iudicari
1202 1186 1321 1258 potest,

47 1260 141 1327 virtutis
158 1286 219 1330 csse
238 1287 334 1354 qnam
356 1266 467 1330 aetatis
489 1286 614 1330 cursum
636 1264 861 1331 celeriorem.''
903 1267 1049 1350 Philipp.
1065 1269 1112 1333 V.
1132 1271 1190 1344 17,
1209 1268 1247 1330 ll
1267 1288 1319 1352 sq.

335 1426 478 1489 Vanum.

105 1543 169 1621 „Eo
195 1564 274 1610 anno
297 1546 346 1625 (u.
368 1566 399 1609 c.
422 1545 512 1624 673.)
533 1544 664 1630 rogatio
692 1543 825 1627 primum
851 1545 913 1608 lata
940 1557 988 1609 est
1012 1549 1052 1609 ab
1075 1534 1116 1612 L.
1140 1547 1245 1614 Villio
1266 1547 1322 1612 tri·

43 1634 108 1699 luno
119 1636 224 1717 plebis,
247 1650 329 1725 quot
343 1659 443 1703 annos
458 1638 524 1702 uati
534 1658 691 1724 quemque
707 1639 921 1721 magistratum
936 1651 1081 1721 peterent
1095 1650 1320 1725 caperentqnc.

43 1722 94 1789 inde
105 1750 265 1815 cognomen
277 1731 415 1796 familiae
427 1732 570 1811 inditum,
584 1743 619 1795 ut
630 1734 783 1799 Annales
793 1731 1065 1817 appellarentur.’'
1087 1733 1165 1797 Liv.
1178 1734 1256 1799 XL.
1266 1735 1319 1799 tl.
1427 1722 1430 1736 '

337 1890 493 1956 Plutum.

101 2007 192 2086 ,Olim
213 2013 331 2076 Rusca
353 2032 425 2075 curn
452 2012 556 2097 legem
582 2012 684 2076 ferret
708 2011 868 2089 annalem,
903 2011 1065 2079 dissuasor
1089 2013 1142 2078 Μ.
1164 2010 1320 2078 Servilius

49 2098 92 2161 llic
105 2101 193 2180 milri,
213 2103 334 2188 inquit,
357 2108 414 2171 M.
436 2107 573 2184 Pinari,
598 2127 697 2182 num,
720 2105 753 2169 ci
772 2117 894 2170 eontra
915 2117 948 2173 ts
970 2107 1111 2184 dixero,
1137 2107 1220 2171 milri
1234 2108 1323 2172 male

52 2189 158 2259 licturus
176 2218 228 2272 ea,
252 2209 295 2261 ut
315 2199 436 2263 ceteris
445 2197 603 2290 feristi?
626 2202 670 2265 Ut
686 2211 870 2265 umentem
879 2196 1038 2290 feceris,
1062 2201 1114 2265 ita
1128 2211 1251 2279 metes,
1273 2199 1321 2264 in·
1371 2260 1374 2265 a

53 2282 119 2363 qsitl'
152 2291 457 2368 deonantum,
482 2292 556 2359 261.

104 2380 235 2447 Annales
253 2393 343 2460 sunt,
367 2385 480 2470 quihus
497 2384 701 2451 constitutum
716 2396 780 2461 est,
802 2405 869 2471 quo
888 2406 970 2451 anuo
989 2384 1104 2470 cuique
1120 2385 1321 2471 magistratus

46 2479 121 2547 petae
140 2474 266 2541 liceret:
301 2498 366 2562 quo
393 2477 515 2563 siquis
540 2492 682 2555 creatur,
717 2501 751 2542 v.
775 2500 806 2541 c.
834 2480 965 2555 consul,
999 2500 1091 2544 anno
1119 2501 1184 2543 suo
1208 2480 1321 2543 consul

45 2560 115 2629 ledus
134 2568 259 2648 dicitur,
291 2570 357 2635 rid.
383 2574 467 2658 Agr.
490 2574 539 2638 11.
562 2574 593 2640 2.
639 2570 729 2637 Trtlit
750 2571 870 2654 primus
892 2572 1069 2636 accuratius
1091 2571 1232 2648 Villius,
1263 2574 1322 2635 tri·

45 2654 116 2721 barm
137 2664 252 2744 plebis,
287 2665 333 2730 A.
361 2666 530 2732 Postumio
559 2666 680 2732 Albino
709 2676 740 2728 et
769 2665 812 2744 Q.
842 2664 961 2729 Fulvio
993 2665 1113 2730 Flacco
1134 2685 1220 2728 coss.
1242 2664 1318 2731 Lu.

45 2745 98 2816 tt..
115 2755 159 2820 ll.
189 2758 319 2823 Manut.
342 2760 381 2823 de
402 2761 512 2845 Legg.
536 2782 566 2824 c.
589 2760 623 2823 6.
667 2761 748 2824 Nam
772 2755 832 2822 etsi
861 2757 975 2822 Livius
1003 2758 1027 2822 l.
1056 2779 1087 2823 c.
1117 2756 1253 2843 primum
1279 2761 1320 2822 ab

47 2847 113 2909 nte
129 2869 160 2912 ea
179 2872 213 2915 re
235 2853 332 2919 latmn
358 2874 428 2918 esse
453 2854 547 2918 dicit:
588 2865 692 2917 tamen
717 2853 798 2915 idem
826 2849 885 2915 iam
913 2862 985 2915 ante
1010 2872 1081 2916 cum
1110 2853 1149 2916 de
1174 2862 1320 2934 tempore

46 2932 160 3005 Momm
190 2948 400 3028 petendorum
429 2947 517 3032 leges
549 2946 647 3011 fuisse
673 2944 821 3010 dubitare
850 2965 910 3008 nos
937 2965 1002 3010 uon
1031 2944 1106 3010 sinit
1136 2945 1252 3009 XXV.
1286 2944 1318 3007 2.

44 3025 153 3100 ldann
165 3039 364 3124 singulorum
387 3060 450 3105 non
473 3038 591 3103 deliniti
613 3050 717 3116 erant,
742 3051 776 3102 ut
797 3038 869 3123 lege
891 3038 1001 3114 Villii,
1026 3059 1137 3101 vertum
1158 3039 1318 3115 universe,

42 3142 98 3223 qtae
114 3141 331 3195 actas-matura
354 3144 438 3219 esset
459 3134 635 3197 bonoribus
656 3130 814 3215 petendis.
857 3131 937 3196 Vid.
955 3132 1106 3217 Sigonius
1124 3143 1155 3196 et
1169 3129 1322 3214 Pighius,

40 3218 147 3297 iuuant.
167 3225 314 3291 liariter-us
336 3229 376 3289 ad
397 3225 475 3289 Liv.
499 3226 523 3290 l.
545 3227 569 3289 l.
593 3248 623 3294 e.
646 3246 677 3289 c.
720 3225 807 3289 Anni
825 3235 927 3288 autem
946 3225 1108 3288 constituti
1128 3237 1201 3289 siunt
1222 3223 1319 3288 Villia

39 3304 92 3392 itge
107 3330 282 3397 quaesturae
304 3320 364 3395 31,
395 3319 542 3383 aedilitati
565 3321 622 3396 37,
658 3330 825 3404 praeturae
848 3321 909 3395 10,
941 3316 1193 3383 communita.
1237 3319 1319 3382 Nam

41 3398 74 3463 hia
94 3409 168 3473 annis
195 3411 322 3478 Cicero·
341 3413 402 3478 hos
434 3413 635 3498 magistratus
665 3413 781 3497 gessit,
815 3410 871 3494 qui
899 3432 964 3476 cuo
992 3433 1026 3475 se
1049 3432 1205 3496 quemque
1226 3430 1319 3476 auno

43 3495 142 3571 Mtte
160 3504 320 3587 praedicat
347 3506 783 3584 (ueoffic.11.1t,59.):
819 3525 879 3567 nec
906 3504 1070 3580 studiendi,
1105 3503 1159 3588 qui
1185 3513 1239 3577 aut
1265 3524 1323 3567 an-

43 3602 92 3649 un
108 3593 157 3672 27,
188 3609 223 3661 nt
245 3599 436 3664 Zamoscius
457 3602 496 3663 de
518 3602 627 3663 Senot.
651 3620 685 3681 p.
709 3621 752 3660 ιιι.
775 3599 847 3673 25.,
882 3609 936 3661 aut
964 3619 1077 3660 sunium
1105 3596 1158 3659 26.
1181 3607 1317 3676 ponunt,

46 3682 229 3755 llllcdmcll.
259 3693 370 3757 Prael.
403 3692 516 3759 canu
557 3693 717 3758 Dicuntur
739 3695 798 3755 hac
819 3691 909 3775 leges
932 3691 1023 3755 etiam
1046 3687 1213 3752 annariae
1234 3690 1319 3768 apud

49 3768 136 3842 luam
160 3795 190 3845 et
217 3785 381 3868 Lamprid.
410 3787 442 3851 in
472 3785 653 3851 Commodo
682 3805 710 3852 c.
739 3786 771 3848 2.
816 3787 869 3848 Ex
891 3784 992 3847 aiinali
1013 3785 1086 3867 lege
1106 3784 1163 3847 M.
1185 3780 1320 3847 Pinarii

51 3861 139 3965 Μ
165 3878 280 3942 tribuni
307 3878 410 3962 plebis
438 3879 514 3943 nihil
544 3890 660 3956 restat,
693 3900 753 3943 nee
780 3890 865 3942 actas
893 3877 960 3941 eius
988 3877 1064 3939 satis
1086 3886 1186 3938 certa.
1230 3874 1316 3937 Eun.

49 3950 141 4041 Palins
166 3970 283 4037 Annal.
314 3975 411 4040 Rom.
436 3976 480 4037 Τ.
503 3975 569 4038 lll.
592 3974 704 4061 pqld.
729 3993 796 4036 eam
818 3991 901 4034 anno
924 3992 957 4033 u.
981 3991 1014 4034 e.
1036 3968 1112 4034 622.
1127 3964 1316 4052 assignavit.

48 4041 114 4121 clf·
128 4062 217 4129 ctiam
241 4065 416 4133 Cosanum
438 4067 480 4132 de
501 4067 776 4152 magistratibus.

392 4242 519 4308 Anu..
564 4244 641 4308 Vid.
668 4245 920 4313 Sunrrruunmn.

553 4424 748 4489 Auruncae.

101 4533 282 4604 .semt›ant
312 4540 452 4625 auspicia
482 4564 593 4627 reges3
630 4563 710 4626 quae
739 4540 794 4604 hie
818 4539 930 4606 consid
958 4560 1124 4624 augurque
1154 4538 1312 4625 neglexit,

38 4632 118 4700 ’223ι
135 4630 227 4696 tolum
251 4634 376 4721 legibus
405 4649 515 4700 contra
541 4635 681 4718 auspicia
707 4633 865 4708 serendis,
900 4636 956 4698 sed
981 4632 1073 4696 etiam
1105 4634 1228 4715 collega
1255 4653 1315 4695 una

39 4706 135 4779 luente
158 4741 209 4799 eo,
237 4750 329 4812 quem
351 4728 421 4812 ipso
447 4731 601 4794 ementitis
627 4727 774 4811 auspiciis
802 4726 950 4791 vitiosum
975 4725 1129 4789 fecerat.’'
1170 4726 1313 4806 Philipp.

40 4796 93 4867 ¹¹¹·
110 4810 143 4885 1,
164 4815 192 4878 9·
213 4822 296 4886 conl.
318 4824 384 4887 vl.
407 4823 444 4899 2,
468 4822 499 4891 3.
521 4859 564 4871 -
585 4825 679 4904 „Eas
700 4823 806 4908 leges,
832 4841 909 4905 qum
931 4822 987 4885 M.
1010 4818 1182 4885 Antonius
1203 4820 1312 4881 trrlisso
