<?xml version="1.0" encoding="UTF-8"?>
<!DOCTYPE html PUBLIC "-//W3C//DTD XHTML 1.0 Transitional//EN"
    "http://www.w3.org/TR/xhtml1/DTD/xhtml1-transitional.dtd">
<html xmlns="http://www.w3.org/1999/xhtml" xml:lang="en" lang="en">
 <head>
  <title>
</title>
<meta http-equiv="Content-Type" content="text/html;charset=utf-8" />
  <meta name='ocr-system' content='tesseract 3.04.00' />
  <meta name='ocr-capabilities' content='ocr_page ocr_carea ocr_par ocr_line ocrx_word'/>
</head>
<body>
  <div class='ocr_page' id='page_1' title='image "./mtulliiciceroni01fabrgoog_0452.png"; bbox 0 0 3338 5584; ppageno 0'>
   <div class='ocr_carea' id='block_1_1' title="bbox 373 284 1356 439">
    <p class='ocr_par' dir='ltr' id='par_1_1' title="bbox 373 284 1356 439">
     <span class='ocr_line' id='line_1_1' title="bbox 373 284 1356 439; baseline 0.013 -44"><span class='ocrx_word' id='word_1_1' title='bbox 373 300 380 307; x_wconf 80' lang='grc'><strong>’</strong></span> <span class='ocrx_word' id='word_1_2' title='bbox 445 332 655 399; x_wconf 71' lang='lat' dir='ltr'>onustus</span> <span class='ocrx_word' id='word_1_3' title='bbox 677 284 945 400; x_wconf 72' lang='lat' dir='ltr'>consonus.</span> <span class='ocrx_word' id='word_1_4' title='bbox 1059 416 1073 439; x_wconf 92' lang='lat'><strong>.</strong></span> <span class='ocrx_word' id='word_1_5' title='bbox 1293 344 1356 408; x_wconf 79' lang='lat' dir='ltr'>sar</span> 
     </span>
    </p>
   </div>
   <div class='ocr_carea' id='block_1_2' title="bbox 18 470 1387 4133">
    <p class='ocr_par' dir='ltr' id='par_1_2' title="bbox 26 470 1357 1747">
     <span class='ocr_line' id='line_1_2' title="bbox 40 470 1357 552; baseline 0.005 -16"><span class='ocrx_word' id='word_1_6' title='bbox 40 474 130 547; x_wconf 87' lang='lat' dir='ltr'>rint,</span> <span class='ocrx_word' id='word_1_7' title='bbox 163 480 307 534; x_wconf 88' lang='lat' dir='ltr'>tantam</span> <span class='ocrx_word' id='word_1_8' title='bbox 336 470 546 551; x_wconf 90' lang='lat' dir='ltr'>pecuniam</span> <span class='ocrx_word' id='word_1_9' title='bbox 575 471 829 552; x_wconf 73' lang='lat' dir='ltr'>rehem&#39;ptori</span> <span class='ocrx_word' id='word_1_10' title='bbox 859 474 1161 541; x_wconf 73' lang='lat' dir='ltr'>attribuendam</span> <span class='ocrx_word' id='word_1_11' title='bbox 1196 480 1357 543; x_wconf 85' lang='lat' dir='ltr'>solven-</span> 
     </span>
     <span class='ocr_line' id='line_1_3' title="bbox 40 569 1357 644; baseline 0.006 -17"><span class='ocrx_word' id='word_1_12' title='bbox 40 569 196 644; x_wconf 79' lang='lat' dir='ltr'>damque</span> <span class='ocrx_word' id='word_1_13' title='bbox 224 574 383 634; x_wconf 77' lang='lat' dir='ltr'>eurent3</span> <span class='ocrx_word' id='word_1_14' title='bbox 417 582 582 644; x_wconf 89' lang='lat' dir='ltr'>cumque</span> <span class='ocrx_word' id='word_1_15' title='bbox 611 575 725 626; x_wconf 88' lang='lat' dir='ltr'>antea</span> <span class='ocrx_word' id='word_1_16' title='bbox 747 577 915 628; x_wconf 90' lang='lat' dir='ltr'>senatus</span> <span class='ocrx_word' id='word_1_17' title='bbox 938 571 1226 633; x_wconf 86' lang='lat' dir='ltr'>auctoritatem</span> <span class='ocrx_word' id='word_1_18' title='bbox 1249 594 1357 636; x_wconf 84' lang='lat' dir='ltr'>suam</span> 
     </span>
     <span class='ocr_line' id='line_1_4' title="bbox 37 654 1353 743; baseline 0.006 -25"><span class='ocrx_word' id='word_1_19' title='bbox 37 656 72 718; x_wconf 91' lang='lat' dir='ltr'>in</span> <span class='ocrx_word' id='word_1_20' title='bbox 100 655 276 718; x_wconf 81' lang='lat' dir='ltr'>virorum</span> <span class='ocrx_word' id='word_1_21' title='bbox 303 654 469 717; x_wconf 82' lang='lat' dir='ltr'>fortium</span> <span class='ocrx_word' id='word_1_22' title='bbox 497 654 718 718; x_wconf 81' lang='lat' dir='ltr'>funeribus</span> <span class='ocrx_word' id='word_1_23' title='bbox 749 658 1082 743; x_wconf 76' lang='lat' dir='ltr'>ornamentisque</span> <span class='ocrx_word' id='word_1_24' title='bbox 1105 663 1353 738; x_wconf 85' lang='lat' dir='ltr'>ostenderit,</span> 
     </span>
     <span class='ocr_line' id='line_1_5' title="bbox 36 746 1356 830; baseline 0.009 -24"><span class='ocrx_word' id='word_1_25' title='bbox 36 748 207 827; x_wconf 87' lang='lat' dir='ltr'>placere,</span> <span class='ocrx_word' id='word_1_26' title='bbox 241 766 323 807; x_wconf 88' lang='lat' dir='ltr'>eum</span> <span class='ocrx_word' id='word_1_27' title='bbox 359 768 468 827; x_wconf 89' lang='lat' dir='ltr'>quam</span> <span class='ocrx_word' id='word_1_28' title='bbox 503 746 755 826; x_wconf 73' lang='lat' dir='ltr'>amplissime</span> <span class='ocrx_word' id='word_1_29' title='bbox 786 770 973 830; x_wconf 89' lang='lat' dir='ltr'>supremo</span> <span class='ocrx_word' id='word_1_30' title='bbox 1001 772 1073 815; x_wconf 90' lang='lat' dir='ltr'>suo</span> <span class='ocrx_word' id='word_1_31' title='bbox 1102 754 1166 816; x_wconf 86' lang='lat' dir='ltr'>(lie</span> <span class='ocrx_word' id='word_1_32' title='bbox 1194 755 1356 818; x_wconf 74' lang='lat' dir='ltr'>efferri.</span> 
     </span>
     <span class='ocr_line' id='line_1_6' title="bbox 36 837 1357 918; baseline 0.008 -18"><span class='ocrx_word' id='word_1_33' title='bbox 36 840 100 911; x_wconf 91' lang='lat' dir='ltr'>Et,</span> <span class='ocrx_word' id='word_1_34' title='bbox 137 858 218 899; x_wconf 88' lang='lat' dir='ltr'>eum</span> <span class='ocrx_word' id='word_1_35' title='bbox 256 837 339 898; x_wconf 82' lang='lat' dir='ltr'>Ser.</span> <span class='ocrx_word' id='word_1_36' title='bbox 364 838 574 918; x_wconf 84' lang='lat' dir='ltr'>Sulpicius</span> <span class='ocrx_word' id='word_1_37' title='bbox 608 839 652 916; x_wconf 86' lang='lat' dir='ltr'>Q.</span> <span class='ocrx_word' id='word_1_38' title='bbox 677 840 717 902; x_wconf 87' lang='lat' dir='ltr'>F.</span> <span class='ocrx_word' id='word_1_39' title='bbox 750 842 939 904; x_wconf 80' lang='lat' dir='ltr'>Lemonia</span> <span class='ocrx_word' id='word_1_40' title='bbox 975 843 1106 907; x_wconf 81' lang='lat' dir='ltr'>Rufus</span> <span class='ocrx_word' id='word_1_41' title='bbox 1140 845 1196 908; x_wconf 93' lang='lat' dir='ltr'>ita</span> <span class='ocrx_word' id='word_1_42' title='bbox 1234 849 1279 909; x_wconf 86' lang='lat' dir='ltr'>(le</span> <span class='ocrx_word' id='word_1_43' title='bbox 1315 867 1357 910; x_wconf 82' lang='lat' dir='ltr'>re</span> 
     </span>
     <span class='ocr_line' id='line_1_7' title="bbox 34 928 1355 1008; baseline 0.007 -17"><span class='ocrx_word' id='word_1_44' title='bbox 34 929 194 1008; x_wconf 86' lang='lat' dir='ltr'>publica</span> <span class='ocrx_word' id='word_1_45' title='bbox 226 928 398 991; x_wconf 90' lang='lat' dir='ltr'>meritus</span> <span class='ocrx_word' id='word_1_46' title='bbox 427 929 496 1004; x_wconf 88' lang='lat' dir='ltr'>sit,</span> <span class='ocrx_word' id='word_1_47' title='bbox 530 942 570 992; x_wconf 94' lang='lat' dir='ltr'>ut</span> <span class='ocrx_word' id='word_1_48' title='bbox 597 929 647 992; x_wconf 93' lang='lat' dir='ltr'>iis</span> <span class='ocrx_word' id='word_1_49' title='bbox 680 933 936 999; x_wconf 78' lang='lat' dir='ltr'>ornamentis</span> <span class='ocrx_word' id='word_1_50' title='bbox 969 935 1159 999; x_wconf 78' lang='lat' dir='ltr'>decorari</span> <span class='ocrx_word' id='word_1_51' title='bbox 1191 941 1355 1002; x_wconf 76' lang='lat' dir='ltr'>‹lebeatr</span> 
     </span>
     <span class='ocr_line' id='line_1_8' title="bbox 34 1023 1355 1107; baseline 0.007 -23"><span class='ocrx_word' id='word_1_52' title='bbox 34 1023 212 1084; x_wconf 82' lang='lat' dir='ltr'>Senatum</span> <span class='ocrx_word' id='word_1_53' title='bbox 241 1040 409 1082; x_wconf 87' lang='lat' dir='ltr'>censere</span> <span class='ocrx_word' id='word_1_54' title='bbox 439 1033 560 1104; x_wconf 85' lang='lat' dir='ltr'>atque</span> <span class='ocrx_word' id='word_1_55' title='bbox 591 1043 608 1083; x_wconf 93' lang='lat' dir='ltr'>e</span> <span class='ocrx_word' id='word_1_56' title='bbox 639 1024 680 1084; x_wconf 84' lang='lat' dir='ltr'>r&#39;e</span> <span class='ocrx_word' id='word_1_57' title='bbox 717 1023 882 1103; x_wconf 91' lang='lat' dir='ltr'>publica</span> <span class='ocrx_word' id='word_1_58' title='bbox 912 1024 1166 1107; x_wconf 73' lang='lat' dir='ltr'>existimare,</span> <span class='ocrx_word' id='word_1_59' title='bbox 1199 1030 1355 1093; x_wconf 80' lang='lat' dir='ltr'>aediles</span> 
     </span>
     <span class='ocr_line' id='line_1_9' title="bbox 33 1111 1355 1202; baseline 0.009 -29"><span class='ocrx_word' id='word_1_60' title='bbox 33 1115 188 1174; x_wconf 91' lang='lat' dir='ltr'>curules</span> <span class='ocrx_word' id='word_1_61' title='bbox 210 1111 400 1185; x_wconf 87' lang='lat' dir='ltr'>edictum,</span> <span class='ocrx_word' id='word_1_62' title='bbox 426 1115 535 1194; x_wconf 87' lang='lat' dir='ltr'>quod</span> <span class='ocrx_word' id='word_1_63' title='bbox 556 1115 600 1174; x_wconf 84' lang='lat' dir='ltr'>de</span> <span class='ocrx_word' id='word_1_64' title='bbox 621 1114 834 1177; x_wconf 83' lang='lat' dir='ltr'>funeribus</span> <span class='ocrx_word' id='word_1_65' title='bbox 856 1117 1045 1192; x_wconf 89' lang='lat' dir='ltr'>habeant,</span> <span class='ocrx_word' id='word_1_66' title='bbox 1069 1120 1150 1181; x_wconf 89' lang='lat' dir='ltr'>Ser.</span> <span class='ocrx_word' id='word_1_67' title='bbox 1183 1122 1355 1202; x_wconf 84' lang='lat' dir='ltr'>Sulpicii</span> 
     </span>
     <span class='ocr_line' id='line_1_10' title="bbox 34 1204 1356 1293; baseline 0.006 -28"><span class='ocrx_word' id='word_1_68' title='bbox 34 1205 74 1283; x_wconf 84' lang='lat' dir='ltr'>Q.</span> <span class='ocrx_word' id='word_1_69' title='bbox 97 1205 136 1266; x_wconf 75' lang='lat' dir='ltr'>F.</span> <span class='ocrx_word' id='word_1_70' title='bbox 158 1204 353 1266; x_wconf 88' lang='lat' dir='ltr'>Lemonia</span> <span class='ocrx_word' id='word_1_71' title='bbox 376 1204 477 1267; x_wconf 80' lang='lat' dir='ltr'>Ruri</span> <span class='ocrx_word' id='word_1_72' title='bbox 498 1204 638 1267; x_wconf 77' lang='lat' dir='ltr'>funeri</span> <span class='ocrx_word' id='word_1_73' title='bbox 660 1205 889 1281; x_wconf 76' lang='lat' dir='ltr'>reurit&#39;tere3</span> <span class='ocrx_word' id='word_1_74' title='bbox 913 1209 1048 1292; x_wconf 90' lang='lat' dir='ltr'>utique</span> <span class='ocrx_word' id='word_1_75' title='bbox 1071 1210 1200 1275; x_wconf 89' lang='lat' dir='ltr'>locum</span> <span class='ocrx_word' id='word_1_76' title='bbox 1222 1214 1356 1293; x_wconf 67' lang='lat' dir='ltr'>sepul÷</span> 
     </span>
     <span class='ocr_line' id='line_1_11' title="bbox 32 1294 1353 1383; baseline 0.009 -24"><span class='ocrx_word' id='word_1_77' title='bbox 32 1301 123 1359; x_wconf 78' lang='lat' dir='ltr'>cliro</span> <span class='ocrx_word' id='word_1_78' title='bbox 145 1294 181 1357; x_wconf 91' lang='lat' dir='ltr'>in</span> <span class='ocrx_word' id='word_1_79' title='bbox 204 1316 346 1375; x_wconf 91' lang='lat' dir='ltr'>campo</span> <span class='ocrx_word' id='word_1_80' title='bbox 369 1295 590 1379; x_wconf 87' lang='lat' dir='ltr'>Esquilino</span> <span class='ocrx_word' id='word_1_81' title='bbox 609 1296 648 1364; x_wconf 84' lang='lat' dir='ltr'>C.</span> <span class='ocrx_word' id='word_1_82' title='bbox 669 1299 798 1361; x_wconf 87' lang='lat' dir='ltr'>Pansa</span> <span class='ocrx_word' id='word_1_83' title='bbox 821 1300 981 1373; x_wconf 90' lang='lat' dir='ltr'>consul,</span> <span class='ocrx_word' id='word_1_84' title='bbox 1004 1322 1076 1364; x_wconf 86' lang='lat' dir='ltr'>seu</span> <span class='ocrx_word' id='word_1_85' title='bbox 1098 1324 1178 1383; x_wconf 86' lang='lat' dir='ltr'>quo</span> <span class='ocrx_word' id='word_1_86' title='bbox 1200 1302 1238 1365; x_wconf 90' lang='lat' dir='ltr'>in</span> <span class='ocrx_word' id='word_1_87' title='bbox 1261 1305 1353 1371; x_wconf 86' lang='lat' dir='ltr'>loco</span> 
     </span>
     <span class='ocr_line' id='line_1_12' title="bbox 33 1387 1354 1478; baseline 0.007 -30"><span class='ocrx_word' id='word_1_88' title='bbox 33 1388 251 1459; x_wconf 84' lang='lat' dir='ltr'>ridebitur,</span> <span class='ocrx_word' id='word_1_89' title='bbox 292 1389 415 1467; x_wconf 73' lang='lat' dir='ltr'>pedes</span> <span class='ocrx_word' id='word_1_90' title='bbox 449 1387 623 1471; x_wconf 82' lang='lat' dir='ltr'>triginta</span> <span class='ocrx_word' id='word_1_91' title='bbox 658 1409 824 1470; x_wconf 91' lang='lat' dir='ltr'>quoquo</span> <span class='ocrx_word' id='word_1_92' title='bbox 859 1411 1003 1453; x_wconf 81' lang='lat' dir='ltr'>versus</span> <span class='ocrx_word' id='word_1_93' title='bbox 1036 1393 1236 1475; x_wconf 83' lang='lat' dir='ltr'>assignet,</span> <span class='ocrx_word' id='word_1_94' title='bbox 1274 1416 1354 1478; x_wconf 87' lang='lat' dir='ltr'>qua</span> 
     </span>
     <span class='ocr_line' id='line_1_13' title="bbox 31 1478 1355 1564; baseline 0.005 -21"><span class='ocrx_word' id='word_1_95' title='bbox 31 1482 110 1543; x_wconf 90' lang='lat' dir='ltr'>Ser.</span> <span class='ocrx_word' id='word_1_96' title='bbox 133 1478 339 1560; x_wconf 78' lang='lat' dir='ltr'>Sulpicius</span> <span class='ocrx_word' id='word_1_97' title='bbox 362 1478 584 1551; x_wconf 84' lang='lat' dir='ltr'>inseratur;</span> <span class='ocrx_word' id='word_1_98' title='bbox 614 1482 723 1561; x_wconf 87' lang='lat' dir='ltr'>quod</span> <span class='ocrx_word' id='word_1_99' title='bbox 745 1481 1005 1560; x_wconf 85' lang='lat' dir='ltr'>sepulchrum</span> <span class='ocrx_word' id='word_1_100' title='bbox 1030 1483 1175 1564; x_wconf 91' lang='lat' dir='ltr'>ipsius,</span> <span class='ocrx_word' id='word_1_101' title='bbox 1200 1485 1355 1549; x_wconf 89' lang='lat' dir='ltr'>libero·</span> 
     </span>
     <span class='ocr_line' id='line_1_14' title="bbox 27 1572 1355 1658; baseline 0.005 -24"><span class='ocrx_word' id='word_1_102' title='bbox 27 1594 102 1634; x_wconf 89' lang='lat' dir='ltr'>rum</span> <span class='ocrx_word' id='word_1_103' title='bbox 129 1583 476 1653; x_wconf 85' lang='lat' dir='ltr'>posterorumque</span> <span class='ocrx_word' id='word_1_104' title='bbox 507 1572 593 1633; x_wconf 90' lang='lat' dir='ltr'>eius</span> <span class='ocrx_word' id='word_1_105' title='bbox 621 1583 750 1646; x_wconf 90' lang='lat' dir='ltr'>esset,</span> <span class='ocrx_word' id='word_1_106' title='bbox 786 1572 844 1633; x_wconf 87' lang='lat' dir='ltr'>uti</span> <span class='ocrx_word' id='word_1_107' title='bbox 873 1576 980 1654; x_wconf 87' lang='lat' dir='ltr'>quod</span> <span class='ocrx_word' id='word_1_108' title='bbox 1003 1574 1154 1654; x_wconf 91' lang='lat' dir='ltr'>optimo</span> <span class='ocrx_word' id='word_1_109' title='bbox 1176 1579 1266 1639; x_wconf 89' lang='lat' dir='ltr'>iure</span> <span class='ocrx_word' id='word_1_110' title='bbox 1289 1599 1355 1658; x_wconf 90' lang='lat' dir='ltr'>pu·</span> 
     </span>
     <span class='ocr_line' id='line_1_15' title="bbox 26 1664 1008 1747; baseline 0 -19"><span class='ocrx_word' id='word_1_111' title='bbox 26 1667 128 1729; x_wconf 88' lang='lat' dir='ltr'>hlice</span> <span class='ocrx_word' id='word_1_112' title='bbox 149 1664 401 1744; x_wconf 87' lang='lat' dir='ltr'>sepulchrum</span> <span class='ocrx_word' id='word_1_113' title='bbox 424 1668 556 1747; x_wconf 77' lang='lat' dir='ltr'>datram</span> <span class='ocrx_word' id='word_1_114' title='bbox 578 1675 701 1725; x_wconf 87' lang='lat' dir='ltr'>esset.</span> <span class='ocrx_word' id='word_1_115' title='bbox 747 1665 890 1745; x_wconf 86' lang='lat' dir='ltr'>Philipp.</span> <span class='ocrx_word' id='word_1_116' title='bbox 914 1666 951 1740; x_wconf 81' lang='lat'>9,</span> <span class='ocrx_word' id='word_1_117' title='bbox 977 1670 1008 1728; x_wconf 88' lang='grc'>7.</span> 
     </span>
    </p>

    <p class='ocr_par' dir='ltr' id='par_1_3' title="bbox 18 1754 1387 4133">
     <span class='ocr_line' id='line_1_16' title="bbox 106 1754 1354 1834; baseline 0.003 -16"><span class='ocrx_word' id='word_1_118' title='bbox 106 1757 197 1834; x_wconf 84' lang='lat' dir='ltr'>Quae</span> <span class='ocrx_word' id='word_1_119' title='bbox 216 1776 288 1817; x_wconf 80' lang='lat' dir='ltr'>curn</span> <span class='ocrx_word' id='word_1_120' title='bbox 311 1755 353 1816; x_wconf 87' lang='lat' dir='ltr'>ita</span> <span class='ocrx_word' id='word_1_121' title='bbox 378 1755 457 1817; x_wconf 87' lang='lat' dir='ltr'>sint:</span> <span class='ocrx_word' id='word_1_122' title='bbox 497 1756 617 1834; x_wconf 86' lang='lat' dir='ltr'>Quod</span> <span class='ocrx_word' id='word_1_123' title='bbox 640 1754 683 1818; x_wconf 93' lang='lat' dir='ltr'>C.</span> <span class='ocrx_word' id='word_1_124' title='bbox 706 1757 836 1818; x_wconf 89' lang='lat' dir='ltr'>Pansa</span> <span class='ocrx_word' id='word_1_125' title='bbox 859 1758 1002 1820; x_wconf 90' lang='lat' dir='ltr'>consul</span> <span class='ocrx_word' id='word_1_126' title='bbox 1025 1761 1154 1821; x_wconf 81' lang='lat' dir='ltr'>verba</span> <span class='ocrx_word' id='word_1_127' title='bbox 1176 1758 1280 1822; x_wconf 83' lang='lat' dir='ltr'>fecit</span> <span class='ocrx_word' id='word_1_128' title='bbox 1308 1762 1354 1822; x_wconf 84' lang='lat' dir='ltr'>(le</span> 
     </span>
     <span class='ocr_line' id='line_1_17' title="bbox 27 1846 1355 1928; baseline 0.002 -19"><span class='ocrx_word' id='word_1_129' title='bbox 27 1846 198 1921; x_wconf 88' lang='lat' dir='ltr'>litteris,</span> <span class='ocrx_word' id='word_1_130' title='bbox 223 1866 323 1928; x_wconf 90' lang='lat' dir='ltr'>quae</span> <span class='ocrx_word' id='word_1_131' title='bbox 346 1867 362 1907; x_wconf 89' lang='lat' dir='ltr'>a</span> <span class='ocrx_word' id='word_1_132' title='bbox 387 1847 430 1924; x_wconf 85' lang='lat' dir='ltr'>Q.</span> <span class='ocrx_word' id='word_1_133' title='bbox 457 1846 666 1927; x_wconf 88' lang='lat' dir='ltr'>Caepione</span> <span class='ocrx_word' id='word_1_134' title='bbox 689 1848 817 1910; x_wconf 91' lang='lat' dir='ltr'>Bruto</span> <span class='ocrx_word' id='word_1_135' title='bbox 839 1868 916 1928; x_wconf 88' lang='lat' dir='ltr'>pro</span> <span class='ocrx_word' id='word_1_136' title='bbox 939 1850 1111 1912; x_wconf 89' lang='lat' dir='ltr'>consule</span> <span class='ocrx_word' id='word_1_137' title='bbox 1139 1850 1285 1911; x_wconf 87' lang='lat' dir='ltr'>allatae</span> <span class='ocrx_word' id='word_1_138' title='bbox 1314 1861 1355 1912; x_wconf 88' lang='lat' dir='ltr'>et</span> 
     </span>
     <span class='ocr_line' id='line_1_18' title="bbox 24 1937 1352 2018; baseline 0.001 -16"><span class='ocrx_word' id='word_1_139' title='bbox 24 1939 58 2002; x_wconf 89' lang='lat' dir='ltr'>in</span> <span class='ocrx_word' id='word_1_140' title='bbox 80 1941 152 2000; x_wconf 90' lang='lat' dir='ltr'>hoc</span> <span class='ocrx_word' id='word_1_141' title='bbox 173 1938 315 2002; x_wconf 80' lang='lat' dir='ltr'>ordine</span> <span class='ocrx_word' id='word_1_142' title='bbox 338 1937 538 2001; x_wconf 85' lang='lat' dir='ltr'>recitatae</span> <span class='ocrx_word' id='word_1_143' title='bbox 561 1949 673 2013; x_wconf 77' lang='lat' dir='ltr'>arunt,</span> <span class='ocrx_word' id='word_1_144' title='bbox 701 1941 745 2000; x_wconf 84' lang='lat' dir='ltr'>de</span> <span class='ocrx_word' id='word_1_145' title='bbox 768 1959 811 2001; x_wconf 93' lang='lat' dir='ltr'>ea</span> <span class='ocrx_word' id='word_1_146' title='bbox 834 1959 876 2001; x_wconf 90' lang='lat' dir='ltr'>re</span> <span class='ocrx_word' id='word_1_147' title='bbox 897 1940 952 2002; x_wconf 90' lang='lat' dir='ltr'>ita</span> <span class='ocrx_word' id='word_1_148' title='bbox 974 1962 1144 2005; x_wconf 70' lang='lat' dir='ltr'>censeor</span> <span class='ocrx_word' id='word_1_149' title='bbox 1191 1940 1283 2004; x_wconf 91' lang='lat' dir='ltr'>Cum</span> <span class='ocrx_word' id='word_1_150' title='bbox 1307 1941 1352 2018; x_wconf 86' lang='lat' dir='ltr'>Q.</span> 
     </span>
     <span class='ocr_line' id='line_1_19' title="bbox 24 2030 1354 2112; baseline -0.002 -16"><span class='ocrx_word' id='word_1_151' title='bbox 24 2030 239 2112; x_wconf 84' lang='lat' dir='ltr'>Caepionis</span> <span class='ocrx_word' id='word_1_152' title='bbox 267 2030 384 2091; x_wconf 86' lang='lat' dir='ltr'>Bruti</span> <span class='ocrx_word' id='word_1_153' title='bbox 411 2050 579 2109; x_wconf 90' lang='lat' dir='ltr'>procos.</span> <span class='ocrx_word' id='word_1_154' title='bbox 612 2051 756 2110; x_wconf 89' lang='lat' dir='ltr'>opera,</span> <span class='ocrx_word' id='word_1_155' title='bbox 787 2032 988 2109; x_wconf 90' lang='lat' dir='ltr'>consilio,</span> <span class='ocrx_word' id='word_1_156' title='bbox 1018 2032 1239 2104; x_wconf 82' lang='lat' dir='ltr'>industria,</span> <span class='ocrx_word' id='word_1_157' title='bbox 1273 2031 1354 2094; x_wconf 87' lang='lat' dir='ltr'>vir-</span> 
     </span>
     <span class='ocr_line' id='line_1_20' title="bbox 23 2121 1354 2204; baseline 0.002 -20"><span class='ocrx_word' id='word_1_158' title='bbox 23 2135 124 2198; x_wconf 88' lang='lat' dir='ltr'>tute,</span> <span class='ocrx_word' id='word_1_159' title='bbox 159 2121 422 2185; x_wconf 77' lang='lat' dir='ltr'>difficillimo</span> <span class='ocrx_word' id='word_1_160' title='bbox 455 2121 513 2183; x_wconf 91' lang='lat' dir='ltr'>rei</span> <span class='ocrx_word' id='word_1_161' title='bbox 542 2121 735 2201; x_wconf 89' lang='lat' dir='ltr'>publicae</span> <span class='ocrx_word' id='word_1_162' title='bbox 765 2134 948 2203; x_wconf 91' lang='lat' dir='ltr'>tempure</span> <span class='ocrx_word' id='word_1_163' title='bbox 978 2124 1193 2204; x_wconf 85' lang='lat' dir='ltr'>provincia</span> <span class='ocrx_word' id='word_1_164' title='bbox 1218 2126 1354 2188; x_wconf 87' lang='lat' dir='ltr'>Mace·</span> 
     </span>
     <span class='ocr_line' id='line_1_21' title="bbox 24 2212 1351 2298; baseline 0.001 -21"><span class='ocrx_word' id='word_1_165' title='bbox 24 2215 158 2290; x_wconf 86' lang='lat' dir='ltr'>donia,</span> <span class='ocrx_word' id='word_1_166' title='bbox 193 2212 427 2292; x_wconf 90' lang='lat' dir='ltr'>Illyricum,</span> <span class='ocrx_word' id='word_1_167' title='bbox 462 2224 610 2275; x_wconf 84' lang='lat' dir='ltr'>cuncta</span> <span class='ocrx_word' id='word_1_168' title='bbox 645 2213 837 2287; x_wconf 88' lang='lat' dir='ltr'>Graecia,</span> <span class='ocrx_word' id='word_1_169' title='bbox 873 2215 1351 2298; x_wconf 76' lang='lat' dir='ltr'>legiones,.exercit,us,</span> 
     </span>
     <span class='ocr_line' id='line_1_22' title="bbox 23 2303 1352 2390; baseline 0 -21"><span class='ocrx_word' id='word_1_170' title='bbox 23 2309 255 2389; x_wconf 77' lang='lat' dir='ltr'>equitatus,</span> <span class='ocrx_word' id='word_1_171' title='bbox 289 2303 577 2378; x_wconf 77' lang='lat' dir='ltr'>inconsultum,</span> <span class='ocrx_word' id='word_1_172' title='bbox 612 2315 776 2369; x_wconf 88' lang='lat' dir='ltr'>senatus</span> <span class='ocrx_word' id='word_1_173' title='bbox 798 2307 1022 2390; x_wconf 87' lang='lat' dir='ltr'>populique</span> <span class='ocrx_word' id='word_1_174' title='bbox 1045 2307 1219 2372; x_wconf 87' lang='lat' dir='ltr'>Romani</span> <span class='ocrx_word' id='word_1_175' title='bbox 1240 2317 1352 2387; x_wconf 81' lang='lat' dir='ltr'>pote-</span> 
     </span>
     <span class='ocr_line' id='line_1_23' title="bbox 23 2395 1352 2477; baseline -0.002 -15"><span class='ocrx_word' id='word_1_176' title='bbox 23 2410 124 2463; x_wconf 85' lang='lat' dir='ltr'>state</span> <span class='ocrx_word' id='word_1_177' title='bbox 150 2398 256 2461; x_wconf 77' lang='lat' dir='ltr'>sinta</span> <span class='ocrx_word' id='word_1_178' title='bbox 293 2395 331 2458; x_wconf 81' lang='lat' dir='ltr'>iu</span> <span class='ocrx_word' id='word_1_179' title='bbox 360 2397 403 2475; x_wconf 84' lang='lat' dir='ltr'>Q.</span> <span class='ocrx_word' id='word_1_180' title='bbox 428 2395 672 2476; x_wconf 85' lang='lat' dir='ltr'>Caepionem</span> <span class='ocrx_word' id='word_1_181' title='bbox 696 2397 862 2458; x_wconf 87' lang='lat' dir='ltr'>Brutum</span> <span class='ocrx_word' id='word_1_182' title='bbox 892 2418 1059 2477; x_wconf 90' lang='lat' dir='ltr'>procos.</span> <span class='ocrx_word' id='word_1_183' title='bbox 1087 2403 1189 2475; x_wconf 85' lang='lat' dir='ltr'>bene</span> <span class='ocrx_word' id='word_1_184' title='bbox 1210 2409 1248 2459; x_wconf 85' lang='lat' dir='ltr'>et</span> <span class='ocrx_word' id='word_1_185' title='bbox 1270 2418 1287 2460; x_wconf 94' lang='lat' dir='ltr'>e</span> <span class='ocrx_word' id='word_1_186' title='bbox 1309 2418 1352 2460; x_wconf 90' lang='lat' dir='ltr'>re</span> 
     </span>
     <span class='ocr_line' id='line_1_24' title="bbox 21 2484 1353 2571; baseline 0 -19"><span class='ocrx_word' id='word_1_187' title='bbox 21 2490 184 2571; x_wconf 89' lang='lat' dir='ltr'>publica</span> <span class='ocrx_word' id='word_1_188' title='bbox 213 2509 291 2569; x_wconf 89' lang='lat' dir='ltr'>pro</span> <span class='ocrx_word' id='word_1_189' title='bbox 320 2508 388 2549; x_wconf 92' lang='lat' dir='ltr'>sua</span> <span class='ocrx_word' id='word_1_190' title='bbox 418 2489 691 2570; x_wconf 91' lang='lat' dir='ltr'>maiorumque</span> <span class='ocrx_word' id='word_1_191' title='bbox 720 2508 882 2550; x_wconf 91' lang='lat' dir='ltr'>suorum</span> <span class='ocrx_word' id='word_1_192' title='bbox 913 2484 1110 2571; x_wconf 77' lang='lat' dir='ltr'>«lignitate</span> <span class='ocrx_word' id='word_1_193' title='bbox 1139 2500 1353 2557; x_wconf 88' lang='lat' dir='ltr'>consuctu-</span> 
     </span>
     <span class='ocr_line' id='line_1_25' title="bbox 22 2572 1352 2664; baseline -0.002 -21"><span class='ocrx_word' id='word_1_194' title='bbox 22 2582 190 2664; x_wconf 85' lang='lat' dir='ltr'>dincque</span> <span class='ocrx_word' id='word_1_195' title='bbox 218 2579 280 2641; x_wconf 89' lang='lat' dir='ltr'>rei</span> <span class='ocrx_word' id='word_1_196' title='bbox 309 2580 494 2659; x_wconf 87' lang='lat' dir='ltr'>publicae</span> <span class='ocrx_word' id='word_1_197' title='bbox 522 2582 623 2642; x_wconf 89' lang='lat' dir='ltr'>bene</span> <span class='ocrx_word' id='word_1_198' title='bbox 654 2572 1048 2661; x_wconf 71' lang='lat' dir='ltr'>gerendaeiecisse,</span> <span class='ocrx_word' id='word_1_199' title='bbox 1085 2600 1250 2661; x_wconf 88' lang='lat' dir='ltr'>eamque</span> <span class='ocrx_word' id='word_1_200' title='bbox 1273 2601 1352 2642; x_wconf 83' lang='lat' dir='ltr'>rein</span> 
     </span>
     <span class='ocr_line' id='line_1_26' title="bbox 21 2672 1350 2755; baseline -0.002 -19"><span class='ocrx_word' id='word_1_201' title='bbox 21 2674 174 2736; x_wconf 87' lang='lat' dir='ltr'>senatui</span> <span class='ocrx_word' id='word_1_202' title='bbox 197 2672 432 2753; x_wconf 86' lang='lat' dir='ltr'>populoque</span> <span class='ocrx_word' id='word_1_203' title='bbox 455 2673 638 2735; x_wconf 87' lang='lat' dir='ltr'>Romano</span> <span class='ocrx_word' id='word_1_204' title='bbox 663 2680 820 2755; x_wconf 83' lang='lat' dir='ltr'>gratam</span> <span class='ocrx_word' id='word_1_205' title='bbox 842 2692 929 2735; x_wconf 89' lang='lat' dir='ltr'>esse</span> <span class='ocrx_word' id='word_1_206' title='bbox 952 2683 988 2734; x_wconf 94' lang='lat' dir='ltr'>et</span> <span class='ocrx_word' id='word_1_207' title='bbox 1009 2673 1119 2745; x_wconf 87' lang='lat' dir='ltr'>lcre;</span> <span class='ocrx_word' id='word_1_208' title='bbox 1142 2672 1282 2754; x_wconf 88' lang='lat' dir='ltr'>utique</span> <span class='ocrx_word' id='word_1_209' title='bbox 1306 2672 1350 2750; x_wconf 84' lang='lat' dir='ltr'>Q.</span> 
     </span>
     <span class='ocr_line' id='line_1_27' title="bbox 23 2763 1352 2847; baseline -0.003 -19"><span class='ocrx_word' id='word_1_210' title='bbox 23 2764 175 2847; x_wconf 86' lang='lat' dir='ltr'>Caepio</span> <span class='ocrx_word' id='word_1_211' title='bbox 199 2765 352 2826; x_wconf 87' lang='lat' dir='ltr'>Brutus</span> <span class='ocrx_word' id='word_1_212' title='bbox 375 2785 450 2844; x_wconf 91' lang='lat' dir='ltr'>pro</span> <span class='ocrx_word' id='word_1_213' title='bbox 473 2764 640 2826; x_wconf 89' lang='lat' dir='ltr'>consule</span> <span class='ocrx_word' id='word_1_214' title='bbox 662 2763 1238 2844; x_wconf 83' lang='lat' dir='ltr'>provinciamMacedouiam,</span> <span class='ocrx_word' id='word_1_215' title='bbox 1255 2764 1352 2840; x_wconf 86' lang='lat' dir='ltr'>llly-</span> 
     </span>
     <span class='ocr_line' id='line_1_28' title="bbox 21 2854 1352 2939; baseline -0.001 -22"><span class='ocrx_word' id='word_1_216' title='bbox 21 2857 143 2918; x_wconf 91' lang='lat' dir='ltr'>ricum</span> <span class='ocrx_word' id='word_1_217' title='bbox 167 2857 434 2939; x_wconf 87' lang='lat' dir='ltr'>c&#39;unctamque</span> <span class='ocrx_word' id='word_1_218' title='bbox 456 2856 667 2918; x_wconf 84' lang='lat' dir='ltr'>Graeciam</span> <span class='ocrx_word' id='word_1_219' title='bbox 691 2866 873 2927; x_wconf 88' lang='lat' dir='ltr'>tueatur,</span> <span class='ocrx_word' id='word_1_220' title='bbox 907 2857 1116 2931; x_wconf 76' lang='lat' dir='ltr'>detentat,</span> <span class='ocrx_word' id='word_1_221' title='bbox 1140 2854 1352 2933; x_wconf 28' lang='lat' dir='ltr'>custodi-at</span> 
     </span>
     <span class='ocr_line' id='line_1_29' title="bbox 21 2945 1352 3030; baseline -0.003 -18"><span class='ocrx_word' id='word_1_222' title='bbox 21 2949 343 3030; x_wconf 87' lang='lat' dir='ltr'>incolumemque</span> <span class='ocrx_word' id='word_1_223' title='bbox 364 2959 602 3022; x_wconf 87' lang='lat' dir='ltr'>conservet,</span> <span class='ocrx_word' id='word_1_224' title='bbox 628 2948 746 3029; x_wconf 87' lang='lat' dir='ltr'>eique</span> <span class='ocrx_word' id='word_1_225' title='bbox 769 2945 992 3023; x_wconf 86' lang='lat' dir='ltr'>exercitui,</span> <span class='ocrx_word' id='word_1_226' title='bbox 1018 2968 1127 3029; x_wconf 92' lang='lat' dir='ltr'>quem</span> <span class='ocrx_word' id='word_1_227' title='bbox 1149 2948 1240 3028; x_wconf 91' lang='lat' dir='ltr'>ipse</span> <span class='ocrx_word' id='word_1_228' title='bbox 1263 2967 1352 3008; x_wconf 89' lang='lat' dir='ltr'>con·</span> 
     </span>
     <span class='ocr_line' id='line_1_30' title="bbox 20 3036 1352 3122; baseline -0.004 -19"><span class='ocrx_word' id='word_1_229' title='bbox 20 3040 177 3115; x_wconf 86' lang='lat' dir='ltr'>stituit,</span> <span class='ocrx_word' id='word_1_230' title='bbox 208 3039 482 3121; x_wconf 81' lang='lat' dir='ltr'>comparauit,</span> <span class='ocrx_word' id='word_1_231' title='bbox 517 3038 691 3120; x_wconf 85' lang='lat' dir='ltr'>praesit,</span> <span class='ocrx_word' id='word_1_232' title='bbox 726 3037 1016 3122; x_wconf 86' lang='lat' dir='ltr'>pecuniamque</span> <span class='ocrx_word' id='word_1_233' title='bbox 1038 3043 1084 3101; x_wconf 85' lang='lat' dir='ltr'>ad</span> <span class='ocrx_word' id='word_1_234' title='bbox 1106 3060 1184 3102; x_wconf 91' lang='lat' dir='ltr'>rem</span> <span class='ocrx_word' id='word_1_235' title='bbox 1208 3036 1352 3100; x_wconf 87' lang='lat' dir='ltr'>milita·</span> 
     </span>
     <span class='ocr_line' id='line_1_31' title="bbox 20 3128 1352 3215; baseline -0.004 -21"><span class='ocrx_word' id='word_1_236' title='bbox 20 3154 117 3206; x_wconf 90' lang='lat' dir='ltr'>rem,</span> <span class='ocrx_word' id='word_1_237' title='bbox 142 3134 175 3194; x_wconf 92' lang='lat' dir='ltr'>si</span> <span class='ocrx_word' id='word_1_238' title='bbox 198 3154 271 3215; x_wconf 89' lang='lat' dir='ltr'>qua</span> <span class='ocrx_word' id='word_1_239' title='bbox 295 3153 394 3213; x_wconf 93' lang='lat' dir='ltr'>opus</span> <span class='ocrx_word' id='word_1_240' title='bbox 416 3130 488 3204; x_wconf 91' lang='lat' dir='ltr'>sit,</span> <span class='ocrx_word' id='word_1_241' title='bbox 517 3151 616 3211; x_wconf 90' lang='lat' dir='ltr'>quae</span> <span class='ocrx_word' id='word_1_242' title='bbox 639 3130 799 3210; x_wconf 82' lang='lat' dir='ltr'>priblica</span> <span class='ocrx_word' id='word_1_243' title='bbox 821 3128 873 3190; x_wconf 88' lang='lat' dir='ltr'>sit</span> <span class='ocrx_word' id='word_1_244' title='bbox 895 3141 932 3192; x_wconf 95' lang='lat' dir='ltr'>et</span> <span class='ocrx_word' id='word_1_245' title='bbox 954 3131 1070 3213; x_wconf 83' lang='lat' dir='ltr'>exigi</span> <span class='ocrx_word' id='word_1_246' title='bbox 1093 3131 1246 3212; x_wconf 87' lang='lat' dir='ltr'>possit,</span> <span class='ocrx_word' id='word_1_247' title='bbox 1270 3140 1352 3191; x_wconf 88' lang='lat' dir='ltr'>uta·</span> 
     </span>
     <span class='ocr_line' id='line_1_32' title="bbox 20 3218 1353 3306; baseline -0.004 -20"><span class='ocrx_word' id='word_1_248' title='bbox 20 3238 102 3298; x_wconf 89' lang='lat' dir='ltr'>tur,</span> <span class='ocrx_word' id='word_1_249' title='bbox 128 3225 294 3306; x_wconf 82' lang='lat' dir='ltr'>exigat,</span> <span class='ocrx_word' id='word_1_250' title='bbox 318 3221 609 3303; x_wconf 89' lang='lat' dir='ltr'>pecuniasque,</span> <span class='ocrx_word' id='word_1_251' title='bbox 634 3221 822 3304; x_wconf 88' lang='lat' dir='ltr'>aquibus</span> <span class='ocrx_word' id='word_1_252' title='bbox 845 3218 1050 3297; x_wconf 84' lang='lat' dir='ltr'>videatur,</span> <span class='ocrx_word' id='word_1_253' title='bbox 1073 3225 1223 3285; x_wconf 87' lang='lat' dir='ltr'>adrem</span> <span class='ocrx_word' id='word_1_254' title='bbox 1247 3220 1353 3282; x_wconf 91' lang='lat' dir='ltr'>mili-</span> 
     </span>
     <span class='ocr_line' id='line_1_33' title="bbox 20 3313 1387 3397; baseline -0.002 -20"><span class='ocrx_word' id='word_1_255' title='bbox 20 3328 140 3380; x_wconf 89' lang='lat' dir='ltr'>tarem</span> <span class='ocrx_word' id='word_1_256' title='bbox 166 3328 321 3379; x_wconf 87' lang='lat' dir='ltr'>mutuas</span> <span class='ocrx_word' id='word_1_257' title='bbox 343 3326 486 3388; x_wconf 90' lang='lat' dir='ltr'>sumat,</span> <span class='ocrx_word' id='word_1_258' title='bbox 519 3313 759 3375; x_wconf 81' lang='lat' dir='ltr'>serimentum</span> <span class='ocrx_word' id='word_1_259' title='bbox 783 3313 974 3393; x_wconf 86' lang='lat' dir='ltr'>imperet,</span> <span class='ocrx_word' id='word_1_260' title='bbox 1000 3333 1243 3397; x_wconf 87' lang='lat' dir='ltr'>operamque</span> <span class='ocrx_word' id='word_1_261' title='bbox 1267 3315 1349 3387; x_wconf 87' lang='lat' dir='ltr'>det,</span> <span class='ocrx_word' id='word_1_262' title='bbox 1382 3344 1387 3351; x_wconf 91' lang='lat'><strong>·</strong></span> 
     </span>
     <span class='ocr_line' id='line_1_34' title="bbox 20 3404 1352 3487; baseline -0.005 -16"><span class='ocrx_word' id='word_1_263' title='bbox 20 3421 58 3471; x_wconf 91' lang='lat' dir='ltr'>ut</span> <span class='ocrx_word' id='word_1_264' title='bbox 79 3431 163 3472; x_wconf 89' lang='lat' dir='ltr'>cum</span> <span class='ocrx_word' id='word_1_265' title='bbox 185 3408 273 3470; x_wconf 90' lang='lat' dir='ltr'>suis</span> <span class='ocrx_word' id='word_1_266' title='bbox 295 3406 431 3487; x_wconf 81' lang='lat' dir='ltr'>copiis</span> <span class='ocrx_word' id='word_1_267' title='bbox 453 3426 566 3486; x_wconf 88' lang='lat' dir='ltr'>quam</span> <span class='ocrx_word' id='word_1_268' title='bbox 596 3404 787 3485; x_wconf 84' lang='lat' dir='ltr'>proxime</span> <span class='ocrx_word' id='word_1_269' title='bbox 810 3405 971 3467; x_wconf 84' lang='lat' dir='ltr'>ltaliam</span> <span class='ocrx_word' id='word_1_270' title='bbox 1000 3404 1075 3467; x_wconf 84' lang='lat' dir='ltr'>sit:</span> <span class='ocrx_word' id='word_1_271' title='bbox 1115 3425 1278 3485; x_wconf 89' lang='lat' dir='ltr'>cumque</span> <span class='ocrx_word' id='word_1_272' title='bbox 1304 3424 1352 3466; x_wconf 80' lang='lat' dir='ltr'>ex</span> 
     </span>
     <span class='ocr_line' id='line_1_35' title="bbox 20 3495 1350 3578; baseline -0.002 -17"><span class='ocrx_word' id='word_1_273' title='bbox 20 3500 173 3563; x_wconf 89' lang='lat' dir='ltr'>litteris</span> <span class='ocrx_word' id='word_1_274' title='bbox 202 3501 247 3578; x_wconf 86' lang='lat' dir='ltr'>Q.</span> <span class='ocrx_word' id='word_1_275' title='bbox 277 3496 501 3578; x_wconf 91' lang='lat' dir='ltr'>Caepionis</span> <span class='ocrx_word' id='word_1_276' title='bbox 532 3496 668 3569; x_wconf 88' lang='lat' dir='ltr'>Bruti,</span> <span class='ocrx_word' id='word_1_277' title='bbox 703 3517 887 3575; x_wconf 91' lang='lat' dir='ltr'>procos.,</span> <span class='ocrx_word' id='word_1_278' title='bbox 919 3496 1168 3558; x_wconf 89' lang='lat' dir='ltr'>intellectum</span> <span class='ocrx_word' id='word_1_279' title='bbox 1196 3496 1269 3570; x_wconf 86' lang='lat' dir='ltr'>sit,</span> <span class='ocrx_word' id='word_1_280' title='bbox 1305 3495 1350 3572; x_wconf 84' lang='lat' dir='ltr'>Q.</span> 
     </span>
     <span class='ocr_line' id='line_1_36' title="bbox 19 3587 1352 3672; baseline -0.008 -17"><span class='ocrx_word' id='word_1_281' title='bbox 19 3590 237 3655; x_wconf 85' lang='lat' dir='ltr'>Hortensii</span> <span class='ocrx_word' id='word_1_282' title='bbox 266 3610 432 3672; x_wconf 90' lang='lat' dir='ltr'>procos.</span> <span class='ocrx_word' id='word_1_283' title='bbox 467 3608 590 3668; x_wconf 86' lang='lat' dir='ltr'>opera</span> <span class='ocrx_word' id='word_1_284' title='bbox 620 3598 658 3648; x_wconf 87' lang='lat' dir='ltr'>ct</span> <span class='ocrx_word' id='word_1_285' title='bbox 688 3587 840 3648; x_wconf 82' lang='lat' dir='ltr'>virtute</span> <span class='ocrx_word' id='word_1_286' title='bbox 869 3589 1133 3649; x_wconf 87' lang='lat' dir='ltr'>vehementer</span> <span class='ocrx_word' id='word_1_287' title='bbox 1167 3608 1247 3648; x_wconf 92' lang='lat' dir='ltr'>rem</span> <span class='ocrx_word' id='word_1_288' title='bbox 1284 3606 1352 3665; x_wconf 92' lang='lat' dir='ltr'>pu·</span> 
     </span>
     <span class='ocr_line' id='line_1_37' title="bbox 20 3675 1350 3759; baseline -0.005 -15"><span class='ocrx_word' id='word_1_289' title='bbox 20 3684 167 3747; x_wconf 86' lang='lat' dir='ltr'>blicam</span> <span class='ocrx_word' id='word_1_290' title='bbox 191 3682 383 3754; x_wconf 88' lang='lat' dir='ltr'>adiutam,</span> <span class='ocrx_word' id='word_1_291' title='bbox 414 3681 624 3759; x_wconf 90' lang='lat' dir='ltr'>omniaque</span> <span class='ocrx_word' id='word_1_292' title='bbox 654 3676 736 3739; x_wconf 89' lang='lat' dir='ltr'>eius</span> <span class='ocrx_word' id='word_1_293' title='bbox 764 3677 942 3740; x_wconf 86' lang='lat' dir='ltr'>consilia</span> <span class='ocrx_word' id='word_1_294' title='bbox 971 3700 1059 3740; x_wconf 90' lang='lat' dir='ltr'>cum</span> <span class='ocrx_word' id='word_1_295' title='bbox 1089 3675 1282 3739; x_wconf 91' lang='lat' dir='ltr'>consiliis</span> <span class='ocrx_word' id='word_1_296' title='bbox 1306 3676 1350 3754; x_wconf 87' lang='lat' dir='ltr'>Q.</span> 
     </span>
     <span class='ocr_line' id='line_1_38' title="bbox 21 3767 1351 3856; baseline -0.008 -18"><span class='ocrx_word' id='word_1_297' title='bbox 21 3775 244 3856; x_wconf 90' lang='lat' dir='ltr'>Caepionis</span> <span class='ocrx_word' id='word_1_298' title='bbox 275 3771 407 3847; x_wconf 87' lang='lat' dir='ltr'>Bruti,</span> <span class='ocrx_word' id='word_1_299' title='bbox 443 3791 625 3852; x_wconf 62' lang='lat' dir='ltr'>procos„</span> <span class='ocrx_word' id='word_1_300' title='bbox 661 3767 882 3830; x_wconf 90' lang='lat' dir='ltr'>coniuncta</span> <span class='ocrx_word' id='word_1_301' title='bbox 910 3768 1045 3831; x_wconf 83' lang='lat' dir='ltr'>luisse</span> <span class='ocrx_word' id='word_1_302' title='bbox 1076 3787 1239 3850; x_wconf 90' lang='lat' dir='ltr'>eamque</span> <span class='ocrx_word' id='word_1_303' title='bbox 1271 3788 1351 3829; x_wconf 88' lang='lat' dir='ltr'>rem</span> 
     </span>
     <span class='ocr_line' id='line_1_39' title="bbox 21 3859 1349 3950; baseline -0.005 -25"><span class='ocrx_word' id='word_1_304' title='bbox 21 3888 161 3950; x_wconf 84' lang='lat' dir='ltr'>magno</span> <span class='ocrx_word' id='word_1_305' title='bbox 185 3865 275 3928; x_wconf 89' lang='lat' dir='ltr'>usui</span> <span class='ocrx_word' id='word_1_306' title='bbox 298 3864 357 3927; x_wconf 92' lang='lat' dir='ltr'>rei</span> <span class='ocrx_word' id='word_1_307' title='bbox 380 3864 567 3944; x_wconf 89' lang='lat' dir='ltr'>publicae</span> <span class='ocrx_word' id='word_1_308' title='bbox 595 3860 745 3922; x_wconf 82' lang='lat' dir='ltr'>luisse:</span> <span class='ocrx_word' id='word_1_309' title='bbox 781 3862 825 3937; x_wconf 85' lang='lat' dir='ltr'>Q.</span> <span class='ocrx_word' id='word_1_310' title='bbox 849 3859 1136 3935; x_wconf 88' lang='lat' dir='ltr'>Hortensium,</span> <span class='ocrx_word' id='word_1_311' title='bbox 1171 3878 1349 3939; x_wconf 67' lang='lat' dir='ltr'>procos,</span> 
     </span>
     <span class='ocr_line' id='line_1_40' title="bbox 18 3951 1348 4036; baseline -0.01 -14"><span class='ocrx_word' id='word_1_312' title='bbox 18 3971 189 4023; x_wconf 82' lang='lat' dir='ltr'>recte‘et</span> <span class='ocrx_word' id='word_1_313' title='bbox 212 3957 373 4030; x_wconf 86' lang='lat' dir='ltr'>ordine,</span> <span class='ocrx_word' id='word_1_314' title='bbox 396 3968 524 4036; x_wconf 86' lang='lat' dir='ltr'>exque</span> <span class='ocrx_word' id='word_1_315' title='bbox 546 3975 589 4015; x_wconf 91' lang='lat' dir='ltr'>rc</span> <span class='ocrx_word' id='word_1_316' title='bbox 611 3952 775 4034; x_wconf 88' lang='lat' dir='ltr'>publica</span> <span class='ocrx_word' id='word_1_317' title='bbox 797 3953 968 4023; x_wconf 86' lang='lat' dir='ltr'>fecisse;</span> <span class='ocrx_word' id='word_1_318' title='bbox 993 3952 1148 4013; x_wconf 87' lang='lat' dir='ltr'>senatui</span> <span class='ocrx_word' id='word_1_319' title='bbox 1171 3951 1348 4030; x_wconf 87' lang='lat' dir='ltr'>placere,</span> 
     </span>
     <span class='ocr_line' id='line_1_41' title="bbox 20 4042 1352 4133; baseline -0.012 -16"><span class='ocrx_word' id='word_1_320' title='bbox 20 4055 62 4133; x_wconf 82' lang='lat' dir='ltr'>Q.</span> <span class='ocrx_word' id='word_1_321' title='bbox 85 4050 375 4120; x_wconf 87' lang='lat' dir='ltr'>Hortensium,</span> <span class='ocrx_word' id='word_1_322' title='bbox 405 4068 591 4128; x_wconf 90' lang='lat' dir='ltr'>procos.,</span> <span class='ocrx_word' id='word_1_323' title='bbox 623 4066 705 4107; x_wconf 91' lang='lat' dir='ltr'>cum</span> <span class='ocrx_word' id='word_1_324' title='bbox 729 4042 1044 4126; x_wconf 83' lang='lat' dir='ltr'>quaestoribus,</span> <span class='ocrx_word' id='word_1_325' title='bbox 1075 4062 1205 4122; x_wconf 83' lang='lat' dir='ltr'>prove</span> <span class='ocrx_word' id='word_1_326' title='bbox 1230 4062 1352 4122; x_wconf 88' lang='lat' dir='ltr'>quae·</span> 
     </span>
    </p>
   </div>
   <div class='ocr_carea' id='block_1_3' title="bbox 16 4132 1417 4767">
    <p class='ocr_par' dir='ltr' id='par_1_4' title="bbox 17 4132 1350 4404">
     <span class='ocr_line' id='line_1_42' title="bbox 17 4132 1350 4223; baseline -0.011 -16"><span class='ocrx_word' id='word_1_327' title='bbox 17 4145 222 4218; x_wconf 89' lang='lat' dir='ltr'>storihus,</span> <span class='ocrx_word' id='word_1_328' title='bbox 242 4151 281 4206; x_wconf 90' lang='lat' dir='ltr'>et</span> <span class='ocrx_word' id='word_1_329' title='bbox 304 4140 453 4223; x_wconf 80' lang='lat' dir='ltr'>legatis</span> <span class='ocrx_word' id='word_1_330' title='bbox 476 4139 558 4201; x_wconf 90' lang='lat' dir='ltr'>suis</span> <span class='ocrx_word' id='word_1_331' title='bbox 580 4137 829 4217; x_wconf 84' lang='lat' dir='ltr'>provinciam</span> <span class='ocrx_word' id='word_1_332' title='bbox 847 4136 1124 4198; x_wconf 83' lang='lat' dir='ltr'>Macedoniam</span> <span class='ocrx_word' id='word_1_333' title='bbox 1148 4132 1350 4209; x_wconf 90' lang='lat' dir='ltr'>obtinere,</span> 
     </span>
     <span class='ocr_line' id='line_1_43' title="bbox 18 4224 1347 4319; baseline -0.01 -23"><span class='ocrx_word' id='word_1_334' title='bbox 18 4240 152 4319; x_wconf 86' lang='lat' dir='ltr'>quoad</span> <span class='ocrx_word' id='word_1_335' title='bbox 187 4235 223 4296; x_wconf 91' lang='lat' dir='ltr'>ei</span> <span class='ocrx_word' id='word_1_336' title='bbox 256 4255 301 4296; x_wconf 87' lang='lat' dir='ltr'>ex</span> <span class='ocrx_word' id='word_1_337' title='bbox 334 4228 708 4296; x_wconf 88' lang='lat' dir='ltr'>senatusconsulto</span> <span class='ocrx_word' id='word_1_338' title='bbox 742 4248 975 4291; x_wconf 88' lang='lat' dir='ltr'>successum</span> <span class='ocrx_word' id='word_1_339' title='bbox 1009 4225 1075 4287; x_wconf 93' lang='lat' dir='ltr'>sit.</span> <span class='ocrx_word' id='word_1_340' title='bbox 1117 4224 1261 4304; x_wconf 85' lang='lat' dir='ltr'>Philipp.</span> <span class='ocrx_word' id='word_1_341' title='bbox 1296 4225 1347 4299; x_wconf 84' lang='lat' dir='ltr'>to,</span> 
     </span>
     <span class='ocr_line' id='line_1_44' title="bbox 18 4329 1341 4404; baseline -0.014 -15"><span class='ocrx_word' id='word_1_342' title='bbox 18 4332 78 4404; x_wconf 79' lang='lat' dir='ltr'>ss,</span> <span class='ocrx_word' id='word_1_343' title='bbox 107 4329 148 4390; x_wconf 72' lang='grc'>95</span> <span class='ocrx_word' id='word_1_344' title='bbox 172 4347 206 4388; x_wconf 88' lang='lat' dir='ltr'>se</span> <span class='ocrx_word' id='word_1_345' title='bbox 234 4370 243 4387; x_wconf 92' lang='lat'><strong>.</strong></span> <span class='ocrx_word' id='word_1_346' title='bbox 386 4391 392 4401; x_wconf 41' lang='grc' dir='ltr'><strong><em>Ι</em></strong></span> <span class='ocrx_word' id='word_1_347' title='bbox 1338 4332 1341 4337; x_wconf 94' lang='grc'><strong><em>·</em></strong></span> 
     </span>
    </p>

    <p class='ocr_par' dir='ltr' id='par_1_5' title="bbox 16 4348 1417 4767">
     <span class='ocr_line' id='line_1_45' title="bbox 103 4348 1351 4496; baseline -0.01 -14"><span class='ocrx_word' id='word_1_348' title='bbox 103 4422 170 4482; x_wconf 83' lang='lat' dir='ltr'>Sed</span> <span class='ocrx_word' id='word_1_349' title='bbox 195 4348 232 4480; x_wconf 67' lang='lat' dir='ltr'>ul</span> <span class='ocrx_word' id='word_1_350' title='bbox 254 4438 290 4481; x_wconf 92' lang='lat' dir='ltr'>ea</span> <span class='ocrx_word' id='word_1_351' title='bbox 312 4418 392 4494; x_wconf 86' lang='lat' dir='ltr'>(lex)</span> <span class='ocrx_word' id='word_1_352' title='bbox 413 4426 518 4477; x_wconf 87' lang='lat' dir='ltr'>vestra</span> <span class='ocrx_word' id='word_1_353' title='bbox 542 4434 672 4496; x_wconf 88' lang='lat' dir='ltr'>quoque</span> <span class='ocrx_word' id='word_1_354' title='bbox 695 4410 887 4474; x_wconf 74' lang='lat' dir='ltr'>alletoritate</span> <span class='ocrx_word' id='word_1_355' title='bbox 912 4410 1074 4481; x_wconf 87' lang='lat' dir='ltr'>firmetur,</span> <span class='ocrx_word' id='word_1_356' title='bbox 1100 4427 1232 4470; x_wconf 86' lang='lat' dir='ltr'>censeo:</span> <span class='ocrx_word' id='word_1_357' title='bbox 1258 4406 1351 4470; x_wconf 87' lang='lat' dir='ltr'>Cum</span> 
     </span>
     <span class='ocr_line' id='line_1_46' title="bbox 16 4499 1351 4590; baseline -0.013 -14"><span class='ocrx_word' id='word_1_358' title='bbox 16 4513 60 4576; x_wconf 85' lang='lat' dir='ltr'>P.</span> <span class='ocrx_word' id='word_1_359' title='bbox 83 4509 333 4584; x_wconf 88' lang='lat' dir='ltr'>Dolabella,</span> <span class='ocrx_word' id='word_1_360' title='bbox 367 4508 518 4590; x_wconf 86' lang='lat' dir='ltr'>quique</span> <span class='ocrx_word' id='word_1_361' title='bbox 548 4505 633 4567; x_wconf 91' lang='lat' dir='ltr'>eius</span> <span class='ocrx_word' id='word_1_362' title='bbox 661 4502 943 4587; x_wconf 64' lang='lat' dir='ltr'>crudelissimi</span> <span class='ocrx_word' id='word_1_363' title='bbox 972 4514 1010 4565; x_wconf 91' lang='lat' dir='ltr'>et</span> <span class='ocrx_word' id='word_1_364' title='bbox 1033 4499 1231 4563; x_wconf 89' lang='lat' dir='ltr'>teterrimi</span> <span class='ocrx_word' id='word_1_365' title='bbox 1252 4499 1351 4560; x_wconf 81' lang='lat' dir='ltr'>iaci·</span> 
     </span>
     <span class='ocr_line' id='line_1_47' title="bbox 17 4589 1352 4673; baseline -0.01 -7"><span class='ocrx_word' id='word_1_366' title='bbox 17 4603 136 4666; x_wconf 87' lang='lat' dir='ltr'>noris</span> <span class='ocrx_word' id='word_1_367' title='bbox 167 4600 363 4673; x_wconf 89' lang='lat' dir='ltr'>ministri,</span> <span class='ocrx_word' id='word_1_368' title='bbox 400 4597 523 4670; x_wconf 88' lang='lat' dir='ltr'>socii,</span> <span class='ocrx_word' id='word_1_369' title='bbox 558 4596 770 4659; x_wconf 84' lang='lat' dir='ltr'>adiutores</span> <span class='ocrx_word' id='word_1_370' title='bbox 806 4595 989 4668; x_wconf 81' lang='lat' dir='ltr'>luerrrnt,</span> <span class='ocrx_word' id='word_1_371' title='bbox 1024 4596 1171 4654; x_wconf 87' lang='lat' dir='ltr'>hostes</span> <span class='ocrx_word' id='word_1_372' title='bbox 1208 4589 1352 4671; x_wconf 92' lang='lat' dir='ltr'>populi</span> 
     </span>
     <span class='ocr_line' id='line_1_48' title="bbox 18 4678 1417 4767; baseline -0.011 -8"><span class='ocrx_word' id='word_1_373' title='bbox 18 4693 191 4761; x_wconf 87' lang='lat' dir='ltr'>Romani</span> <span class='ocrx_word' id='word_1_374' title='bbox 219 4715 238 4756; x_wconf 92' lang='lat' dir='ltr'>a</span> <span class='ocrx_word' id='word_1_375' title='bbox 266 4704 409 4755; x_wconf 86' lang='lat' dir='ltr'>senatu</span> <span class='ocrx_word' id='word_1_376' title='bbox 438 4678 609 4752; x_wconf 78' lang='lat' dir='ltr'>iudicati</span> <span class='ocrx_word' id='word_1_377' title='bbox 637 4688 736 4760; x_wconf 89' lang='lat' dir='ltr'>siut;</span> <span class='ocrx_word' id='word_1_378' title='bbox 771 4704 937 4767; x_wconf 80' lang='lat' dir='ltr'>curruque</span> <span class='ocrx_word' id='word_1_379' title='bbox 965 4696 1129 4747; x_wconf 87' lang='lat' dir='ltr'>senatus</span> <span class='ocrx_word' id='word_1_380' title='bbox 1157 4687 1200 4749; x_wconf 87' lang='lat' dir='ltr'>P.</span> <span class='ocrx_word' id='word_1_381' title='bbox 1228 4684 1351 4748; x_wconf 90' lang='lat' dir='ltr'>Dola·</span> <span class='ocrx_word' id='word_1_382' title='bbox 1413 4702 1417 4708; x_wconf 90' lang='lat'>·</span> 
     </span>
    </p>
   </div>
   <div class='ocr_carea' id='block_1_4' title="bbox 0 0 1674 5584">
    <p class='ocr_par' dir='ltr' id='par_1_6' title="bbox 0 0 1674 5584">
     <span class='ocr_line' id='line_1_49' title="bbox 0 0 1674 5584; baseline 0 3"><span class='ocrx_word' id='word_1_383' title='bbox 0 0 1674 5584; x_wconf 95' lang='lat' dir='ltr'> </span> 
     </span>
    </p>
   </div>
  </div>
 </body>
</html>
