3490 5586
313 417 378 481 scs
568 381 587 509 j
846 412 1107 481 annuncia
1186 398 1189 405 “

312 557 360 622 sic
386 557 454 621 iere
481 555 617 639 legenda
643 554 810 620 videntur:
848 559 914 621 Est
942 556 1061 641 utique
1089 558 1184 618 locus
1210 555 1348 620 vetandi
1373 550 1576 627 etiamtum
1597 577 1641 619 ne

308 641 473 733 feratur,
511 642 677 727 quamdiu
704 644 801 727 (quae
828 645 868 705 sd
889 642 1042 727 suffragia
1062 640 1236 724 pertinent)
1253 639 1416 733 ferendo
1441 644 1646 727 transigun-

311 740 383 792 tur.
428 729 512 791 Rau.
809 764 815 783 ⁴
1432 770 1435 774 -

397 814 439 876 P.
465 814 518 876 70.
542 812 566 874 l.
591 811 643 874 13.
667 809 812 889 cistella]
836 811 949 875 sitella
969 812 1081 895 Lngd.

246 894 265 935 Χ
397 899 439 962 Ρ.
465 900 517 960 70.
541 897 564 959 l.
590 898 643 959 tt.
666 897 738 959 alia
756 899 906 980 populus
928 896 1003 978 cot]
1027 896 1109 961 Scil.
1129 898 1281 979 populus
1304 893 1478 987 confusus
1500 909 1539 960 ut
1557 919 1649 960 sem·
1683 978 1687 983 ,

309 1005 375 1067 per
399 983 507 1059 alias,
538 981 589 1045 ita
610 992 644 1044 et
667 982 704 1045 in
723 981 884 1045 concione
891 1006 903 1055 3
936 981 997 1045 sed
1015 980 1168 1064 peractis
1188 981 1260 1055 his,
1288 1003 1367 1043 cum
1390 982 1428 1044 td
1449 985 1563 1049 solum
1588 1004 1649 1046 su-

309 1080 443 1151 perest,
468 1079 508 1130 ut
525 1069 677 1151 populus
692 1067 899 1130 sententiam
909 1065 1037 1157 ferat,
1063 1066 1156 1128 iubet
1175 1066 1281 1129 etiam
1302 1066 1333 1128 is
1355 1067 1414 1150 qui
1430 1065 1510 1154 fert
1522 1070 1647 1151 legem,

301 1150 560 1217 *discederes
587 1152 681 1237 quod
707 1153 848 1215 verbum
875 1173 945 1215 non
972 1152 1035 1215 hoc
1064 1150 1262 1235 significat,
1297 1151 1393 1235 quod
1415 1151 1451 1215 in
1475 1153 1651 1216 communi

313 1237 576 1313 consuetudine,
607 1237 731 1300 abeam
758 1238 939 1319 (eontpro
960 1236 1052 1320 vulg.
1074 1247 1151 1299 erat
1173 1237 1267 1300 lubet
1290 1238 1418 1321 Lugd.)
1446 1238 1487 1302 de
1508 1260 1550 1302 eo
1573 1240 1649 1302 loco

313 1323 372 1387 ubi
393 1326 452 1386 lex
462 1319 597 1411 fertur
617 1333 677 1409 cet.
724 1324 811 1387 Rau.

399 1408 441 1471 Ρ.
466 1410 519 1470 21.
544 1407 567 1469 l.
592 1407 644 1470 20.
667 1427 736 1469 non
756 1407 982 1490 perterritus]
1000 1406 1209 1492 perterritus
1231 1426 1299 1469 non
1321 1406 1433 1493 Lugd.

295 1516 297 1521 ’
399 1493 441 1557 P.
466 1492 566 1555 71.1.
591 1492 644 1555 21.
668 1492 844 1572 damnari]
873 1492 943 1557 Pro
970 1493 1133 1557 damnari
1161 1511 1224 1553 nou
1254 1491 1367 1555 dubito
1390 1493 1468 1578 quin
1491 1514 1570 1556 vere
1592 1495 1648 1557 de·

315 1576 397 1641 derit
420 1578 623 1642 Hotomanus
645 1578 775 1640 omnio.
822 1578 910 1641 Rea.
1726 1636 1727 1669 ¹

400 1663 442 1726 P.
468 1664 520 1726 72.
544 1663 567 1725 l.
593 1665 623 1724 1.
646 1663 715 1727 Sed
725 1675 912 1746 postquam
933 1660 1017 1728 vll.
1030 1675 1074 1748 ⁸et
1095 1664 1140 1728 Χ.
1161 1659 1366 1739 tribueret]
1388 1662 1450 1725 sed
1461 1674 1648 1747 postquam

315 1748 401 1811 VII.
429 1760 463 1811 et
493 1750 538 1811 X.
568 1747 679 1811 tribus
707 1748 926 1832 rogationem
953 1760 1175 1831 occeperunt,
1203 1776 1242 1788 ·-
1272 1757 1306 1810 et
1327 1768 1399 1809 una
1419 1748 1522 1812 modo
1543 1762 1648 1832 supe·

315 1845 428 1909 renat,
450 1844 489 1897 ut
497 1833 620 1916 populi
635 1835 771 1896 iussum
784 1832 988 1911 conjiceret,
1007 1834 1140 1897 remisit
1151 1832 1428 1896 intercessionem
1444 1834 1650 1897 Trebellius.
1726 1886 1727 1889 ,

316 1919 473 1982 Extrema
498 1919 593 2000 plane
616 1919 661 1979 uti
683 1917 868 1999 scripsimus
890 1920 985 1981 habet
1007 1921 1079 1982 cod.
1103 1920 1233 2002 Lugd.;
1268 1928 1387 1979 tantum
1414 1919 1590 1981 addidimus
1613 1929 1652 1981 ut
1726 1936 1727 1947 ¹

316 2014 392 2085 post
409 2013 603 2086 supererat.
628 2004 716 2066 Rae.
763 2003 889 2065 Vellem
907 2004 1101 2066 declarasset
1117 2002 1167 2067 vir
1182 2001 1405 2078 doctissimus,
1428 2015 1533 2067 utrum
1551 2006 1655 2067 verbs

281 2092 288 2105 ⁴
316 2099 443 2152 etune
464 2109 559 2150 mens
580 2100 670 2151 esset
692 2087 721 2148 in
745 2088 857 2151 codice
879 2089 992 2173 Lugd.
1016 2091 1119 2152 desint
1141 2108 1253 2151 necne.
1352 2142 1357 2149 .
1430 2076 1437 2105 ¹

267 2194 273 2209 ·
403 2175 446 2237 Ρ.
471 2176 524 2236 72.
548 2173 572 2234 Ι.
597 2168 915 2254 10.'‹lecr‚enissent]
938 2175 993 2236 Sic
1008 2195 1025 2235 a
1041 2173 1142 2256 prima
1157 2194 1249 2236 mauu
1262 2174 1389 2256 Lugd„
1415 2172 1468 2256 qui
1481 2193 1498 2235 a
1511 2176 1653 2237 secunda

318 2281 361 2321 m.
385 2260 482 2322 habet
505 2258 742 2321 decrevissem.

284 2388 287 2397 ·
402 2344 444 2407 P.
470 2343 522 2406 73.
547 2343 569 2404 Ι.
595 2343 647 2405 13.
671 2342 874 2425 ingentum]
895 2343 1071 2428 uigentum
1093 2346 1203 2429 Lugd.
1229 2345 1318 2426 qrtod
1341 2343 1549 2424 depravatum
1570 2353 1653 2424 puto

318 2427 1652 2603 ‘cliiii‘'cirilli'Uli..¹.⁸ii⁰·.l¹¹¹.”t..‘..i²t”³5⁶⁶i'²²s''ul²⁰13².i'l.·2.i'
1726 2470 1727 2485 ³

433 2557 441 2588 s
511 2558 519 2576 ·
1214 2559 1223 2577 ·
1273 2564 1280 2579 ·
1338 2558 1346 2575 ·
1642 2555 1652 2588 r
1726 2570 1727 2593 a

381 2622 432 2662 er.
476 2600 566 2662 Rea.
1535 2640 1538 2649 .

317 2610 380 2682 ΡΜ
404 2684 445 2748 Ρ.
471 2684 524 2746 73.
549 2684 571 2745 Ι.
598 2685 650 2746 16.
674 2686 757 2749 Non
776 2719 813 2730 -
837 2683 1040 2765 privasset]
1062 2685 1159 2749 Num
1181 2715 1221 2726 -—
1242 2683 1440 2766 privasset?
1461 2682 1559 2747 Rata:

401 2768 444 2831 P.
470 2769 523 2831 73.
548 2772 571 2831 Ι.
596 2771 649 2832 20.
673 2773 756 2834 Non
772 2799 807 2811 -
828 2789 897 2831 non
913 2768 1089 2850 dedisset]
1113 2772 1210 2834 Num
1226 2803 1266 2814 -—
1282 2790 1350 2833 non
1364 2767 1538 2831 dedisset?
1565 2764 1650 2829 Rau.

404 2854 446 2917 P.
472 2854 524 2915 u.
549 2854 572 2916 l.
597 2858 629 2917 3.
653 2855 793 2917 Videtur
817 2875 879 2934 pro
902 2856 991 2917 hunc
1011 2855 1176 2939 legendum
1196 2856 1297 2930 haec,
1322 2862 1450 2936 etpost
1471 2852 1653 2915 doceretur

307 2938 530 3019 supplendum
551 2938 724 3023 quotidie:
759 2950 825 3000 tum
856 2940 1043 3024 legendnm:
1081 2938 1263 3024 exstingui
1287 2941 1383 3002 nullo
1407 2935 1510 3002 mocio
1534 2957 1651 3018 posse.

318 3022 514 3105 Exstingui
534 3035 565 3085 et
586 3025 682 3087 nullo
704 3025 799 3087 habet
821 3023 913 3086 etiarn
937 3026 1014 3087 cod.
1036 3025 1148 3108 Lugd.
1172 3045 1190 3085 a
1213 3027 1351 3087 secunda
1372 3045 1478 3087 manu.
1521 3022 1613 3084 Rea.

404 3108 447 3171 P.
473 3109 524 3169 tt.
547 3109 570 3170 l.
596 3109 627 3170 6.
651 3108 753 3193 idque
775 3110 911 3173 iureut
933 3108 1027 3172 docti
1047 3109 1182 3190 sumus]
1211 3108 1312 3194 idque
1339 3109 1467 3173 urebas
1497 3105 1652 3171 doctissi-

195 3266 200 3279 Ι
320 3213 398 3255 mus
421 3194 551 3273 Lugd,
576 3193 776 3257 adscribentes
799 3197 935 3257 secunda
958 3215 1052 3256 manu
1073 3194 1103 3255 io
1127 3195 1271 3280 margine
1293 3194 1395 3261 iuris.

406 3278 447 3341 P.
473 3279 525 3339 tt.
550 3277 573 3339 l.
596 3280 650 3340 10.
673 3279 879 3362 calamum]
903 3279 1114 3342 calamitatis
1136 3280 1243 3365 Lugd.

322 3422 326 3429 .
405 3362 448 3424 P.
473 3362 526 3423 75.
549 3363 573 3425 l.
597 3363 651 3427 16.
673 3366 864 3448 Legeudum
888 3376 989 3445 puto:
1017 3363 1109 3428 Ante
1133 3378 1266 3429 vestros
1290 3384 1401 3430 annos
1421 3387 1459 3450 p.
1484 3364 1510 3427 i.
1535 3375 1585 3426 tr.
1607 3363 1651 3446 pl.

321 3445 549 3511 temeritatem
574 3469 649 3510 rem
676 3472 717 3512 eo
740 3472 845 3532 posse
870 3448 1015 3527 adduci,
1050 3462 1090 3514 ut
1110 3450 1250 3533 omnino
1272 3494 1442 3514 ......
1464 3470 1507 3512 ne
1529 3448 1571 3526 (1.
1586 3449 1655 3531 ¹do·

322 3531 543 3614 minatione)‚
577 3533 672 3596 illius
690 3535 876 3618 potestatis
902 3535 1148 3614 abalienantur.
1201 3537 1238 3598 ln
1262 3556 1327 3618 quo
1354 3545 1501 3598 extremo
1530 3535 1655 3607 verbo,

193 3664 196 3671 .
321 3619 418 3680 modo
441 3637 505 3680 non
527 3617 695 3702 legendum
719 3619 759 3681 sit
773 3619 978 3694 liberemur,
1002 3631 1050 3681 cst
1065 3616 1156 3698 ἦθος
1171 3619 1307 3681 hominis
1323 3620 1362 3680 de
1377 3639 1413 3681 rc
1429 3619 1533 3682 invisa
1550 3620 1656 3681 verbo

322 3700 428 3764 odium
454 3701 484 3763 di
504 3701 670 3766 simulante
694 3725 764 3766 cum
787 3704 892 3768 ironia
916 3702 1045 3775 utentis:
1069 3702 1203 3785 proprie
1223 3703 1304 3766 enim
1329 3702 1461 3767 dicimur
1483 3699 1658 3766 abalienari

321 3787 437 3860 rebius,
469 3723 585 3871 qiubus
609 3809 754 3852 caremus
784 3789 894 3866 iuviti,
931 3800 965 3852 ut
998 3789 1146 3852 dicuntur
1174 3791 1258 3870 apud
1288 3787 1417 3853 Livium
1448 3787 1566 3852 XXII.
1600 3786 1655 3848 60.

321 3870 509 3935 abalienati
537 3872 614 3937 iure
643 3874 778 3937 ciuium.
826 3876 902 3956 Quo
929 3895 1026 3937 sensu
1053 3874 1199 3937 dicantur
1227 3875 1312 3937 anni
1339 3892 1410 3936 ctum
1437 3893 1536 3955 pron.
1560 3889 1654 3953 poss.

322 3956 498 4040 explicavit
519 3958 679 4022 Ernestus
700 3958 730 4021 io
754 3958 860 4024 Clavi.
892 3960 978 4024 Rau.

408 4043 451 4105 P.
477 4042 530 4105 76.
554 4044 576 4106 l.
599 4044 632 4108 3.
656 4044 743 4108 Mihi
760 4045 889 4108 dubium
909 4065 974 4107 noo
994 4056 1062 4118 est,
1087 4042 1178 4128 quing
1201 4053 1237 4105 ut
1258 4040 1436 4107 sexcenties
1455 4041 1575 4108 factum
1595 4051 1656 4117 est,

322 4127 376 4189 hic
398 4128 491 4190 etiam
515 4129 563 4191 X.
587 4129 741 4212 scriptum
764 4129 806 4192 sit
828 4150 890 4210 pro
913 4131 960 4192 V.
1006 4131 1093 4194 Rau.

409 4213 451 4277 P.
476 4213 529 4276 76.
555 4213 577 4276 Ι.
603 4214 657 4276 10.
681 4213 859 4292 Cicurino]
884 4213 1044 4277 cecurino
1066 4215 1177 4298 Lugii.

408 4298 451 4361 Ρ.
520 4341 530 4360 .
554 4298 578 4361 l.
603 4299 657 4361 16.
681 4298 849 4381 Sicinius]
873 4298 928 4361 Sic
949 4298 1061 4384 Lugd.

353 4401 359 4405 ·
409 4384 451 4445 Ρ.
520 4426 529 4443 .
553 4383 576 4445 Ι.
601 4385 653 4446 16.
677 4386 845 4467 Bollutus]
872 4386 1018 4448 Velatus
1039 4384 1149 4468 Lugd.

409 4467 452 4531 Ρ.
522 4511 531 4528 .
554 4468 578 4530 Ι.
604 4470 657 4532 17.
681 4473 724 4533 L.
747 4469 922 4549 Albinius]
945 4468 1110 4532 Lavinius
1133 4471 1242 4553 Lugd.
1268 4470 1373 4535 Scrih.
1397 4472 1440 4534 L.
1463 4467 1625 4533 Albinus.

409 4552 452 4614 Ρ.
520 4595 529 4612 .
554 4553 578 4614 l.
603 4556 655 4615 17.
678 4552 895 4634 Paterculus]
916 4553 1113 4637 patriculas
1134 4555 1243 4639 Lugd.

410 4630 453 4699 Ρ.
478 4635 530 4699 78.
552 4636 575 4698 Ι.
600 4639 656 4700 13.
678 4638 774 4701 Dicit
796 4638 838 4700 te
860 4639 1028 4702 nobilibus
1055 4639 1151 4701 habet
1179 4640 1271 4702 etism
1298 4638 1549 4705 Ambrosianus.
1595 4635 1661 4700 Its·

328 4739 390 4805 qne
411 4719 486 4782 uoci
507 4721 639 4785 tollendi
662 4735 746 4785 suut.
793 4722 891 4787 Conf.
915 4722 1056 4808 Madvig
1076 4723 1108 4786 iu
1131 4724 1268 4805 praefat.
1291 4737 1402 4788 nostra
1423 4746 1458 4807 p.
1479 4722 1564 4787 vn.

410 4800 453 4868 P.
477 4804 531 4867 80.
557 4806 581 4869 l.
605 4807 639 4870 2.
656 4808 721 4892 'qui
741 4828 809 4872 non
832 4808 1014 4889 dixerunt]
1037 4808 1096 4891 qui
1118 4809 1270 4872 nondum
1291 4810 1458 4875 dixerunt
1480 4809 1567 4872 Rau.

411 4889 453 4954 P.
478 4889 533 4954 82.
556 4891 580 4954 l.
604 4892 644 4954 12
666 4914 758 4979 seqq.
781 4891 866 4958 Cod.
889 4895 998 4977 Lugd.
1021 4905 1053 4956 et
1074 4895 1125 4956 ed.
1149 4914 1202 4976 pr.
1226 4897 1387 4979 Cosmus,-
1408 4897 1486 4960 cod.
1509 4893 1546 4956 in
1566 4891 1653 4965 eius,
