3220 5572
219 386 224 407 “
296 415 359 477 sm
798 411 948 477 runnu
970 409 1151 475 caeru.

252 602 256 615 .
293 530 387 617 causa
409 551 488 618 idem
511 555 650 637 populus
670 552 815 645 iuberet.
843 551 928 618 lator
948 549 1041 616 buius
1066 544 1225 634 plebisciti
1250 545 1311 627 suit
1333 546 1386 610 M.
1411 542 1528 610 Decius
1550 544 1596 609 tri·

292 645 395 711 bonus
416 645 556 730 plebis.''
599 646 676 713 Liv.
697 647 764 713 lX.
787 647 840 711 30.

869 808 1032 870 Arsuras.

377 926 449 1000 ,De
474 927 542 991 iure
566 947 646 993 vero
672 925 760 991 civili
788 926 815 990 si
839 926 910 1011 quis
931 924 1008 989 novi
1036 922 1110 1010 quid
1133 919 1285 998 instituit,
1318 920 1346 983 is
1372 917 1498 992 omnia,
1532 940 1598 1002 quiae

291 1031 363 1084 ante
389 1032 457 1083 acta
486 1031 576 1097 stunt,
599 1030 669 1083 rata
694 1042 764 1084 esse
791 1020 922 1104 patitur.
966 1016 1059 1083 Cedo
1087 1015 1161 1080 milii
1182 1015 1271 1099 leges
1296 1013 1451 1088 Atinias,
1478 1012 1596 1087 Furias,

292 1111 421 1196 [Fusias
432 1111 456 1195 ,]
478 1112 598 1195 ipsam,
630 1124 665 1176 ut
685 1113 769 1189 dixi,
801 1112 997 1189 Voconiam,
1029 1132 1138 1175 omnes
1163 1120 1329 1192 praeterea
1350 1109 1389 1170 de
1412 1106 1483 1170 inre
1506 1105 1597 1168 cirili:

288 1207 355 1270 hoe
369 1205 510 1288 reperies
525 1207 555 1270 in
572 1208 716 1271 omnibus
738 1207 835 1271 statui
849 1205 912 1283 ius,
938 1225 1002 1291 quio
1017 1215 1092 1287 post
1106 1225 1175 1267 eam
1194 1203 1296 1285 legem
1313 1200 1449 1283 populus
1468 1200 1597 1264 utatur.”

291 1298 442 1381 Vernl.
465 1301 521 1376 19,
545 1302 680 1367 1015.-
723 1301 834 1375 ,Istae
866 1321 975 1365 omnes
1001 1297 1174 1379 (Atiniae,
1205 1295 1335 1374 Furiae)
1365 1298 1403 1357 de
1430 1292 1598 1358 inereduli

291 1402 383 1466 stant,
417 1393 495 1456 nihil
521 1394 683 1458 continent
707 1394 872 1457 criminum
901 1391 1080 1476 capitalium
1112 1389 1296 1473 publicique
1327 1386 1470 1451 iudicii.”
1517 1390 1598 1452 Pseu

52 1490 59 1509 '
161 1554 171 1565 β
292 1484 446 1547 doascon.
470 1507 504 1568 p.
529 1488 602 1552 190.
625 1523 667 1539 -
702 1488 820 1567 ,Quod
844 1500 948 1551 atatem
974 1484 1176 1566 municipium
1199 1503 1263 1546 non
1284 1479 1462 1551 ‚contemnit
1483 1480 1529 1556 is,
1559 1480 1599 1567 qni

243 1619 245 1622 ι
293 1575 459 1640 Aricinum
483 1590 571 1644 tanto
594 1602 694 1662 opere
716 1581 870 1663 despicit,
901 1590 1059 1643 vetustate
1085 1575 1348 1660 antiquissimum,
1372 1572 1441 1637 iure
1467 1572 1600 1637 foedera·

293 1677 378 1742 tium,
409 1671 646 1756 propinquitate
672 1693 773 1756 paene
799 1672 983 1746 finitimum,
1015 1673 1185 1754 splendore
1212 1667 1400 1749 municipum
1428 1666 1599 1731 honestiss'r

292 1762 402 1826 mrum?
425 1764 510 1828 Hinc
527 1766 712 1843 Voconiae,
736 1767 811 1830 hino
831 1766 970 1833 Atiniae
992 1766 1050 1847 (al.
1072 1762 1258 1840 Santiniae)
1280 1764 1387 1846 leges3
1410 1759 1489 1826 binc
1505 1760 1609 1849 miritae}

292 1855 390 1920 sellae
412 1859 537 1923 currules
563 1871 593 1924 et
619 1873 744 1942 patrum
768 1859 918 1925 memoria
939 1871 970 1923 et
997 1871 1125 1936 nostra,
1149 1857 1223 1920 binc
1242 1855 1365 1941 equites
1386 1855 1534 1919 Romani
1550 1854 1609 1939 las-l

294 1947 406 2014 tissimi
430 1963 461 2017 et
482 1952 652 2036 plurimi.''
703 1954 846 2037 Philipp.
871 1955 935 2019 lll.
961 1954 998 2030 6,
1024 1953 1077 2018 16.
1400 1970 1403 1975 ’
1608 1950 1609 1971 ³

708 2113 835 2178 Araura
856 2112 898 2177 de
921 2112 1022 2176 rebus
1040 2107 1201 2199 firrtivis.

379 2232 504 2316 „Legis
538 2234 654 2298 veteris
687 2234 815 2300 Atiniae
843 2235 941 2299 verba
971 2244 1064 2297 sunta
1101 2232 1219 2314 Quod
1248 2231 1484 2311 subreptum
1516 2229 1598 2299 erit,

293 2323 378 2389 eius
412 2327 471 2389 rei
503 2338 668 2391 aeterna
699 2330 931 2395 auctoritas
963 2338 1065 2392 esto.
1118 2324 1198 2405 Quis
1231 2324 1315 2387 aliud
1346 2333 1436 2405 putet
1466 2323 1498 2386 in
1531 2323 1600 2385 une

295 2417 403 2483 verbis
423 2441 516 2503 quam
537 2424 576 2505 de
597 2435 741 2507 tempore
763 2434 882 2492 tanturn
905 2421 1015 2484 futuro
1041 2421 1144 2504 legem
1166 2416 1283 2502 loqui?
1304 2417 1367 2479 Sed
1392 2416 1433 2496 Q.
1456 2414 1600 2479 scaevola

294 2523 418 2594 patrem
440 2535 531 2578 surim
553 2528 584 2579 et
604 2518 738 2581 Brutum
757 2529 789 2583 et
812 2516 1000 2590 Manilium,
1024 2513 1112 2576 viros
1131 2510 1274 2593 apprime
1296 2511 1428 2584 doetos,
1453 2506 1601 2592 quaesisse

292 2606 336 2668 ait
355 2606 597 2693 dubitasseque,
621 2621 767 2675 utrumne
783 2611 813 2674 in
827 2608 985 2693 postlacta
1001 2607 1097 2671 ruodo
1118 2605 1203 2669 liuta
1225 2605 1278 2668 lex
1302 2604 1440 2676 valeret,
1465 2624 1504 2665 an
1523 2600 1600 2664 etia·

294 2699 325 2763 in
349 2701 524 2766 antefacta:
557 2704 705 2789 quoniam
728 2705 844 2784 Quod
864 2725 905 2766 su
914 2704 1098 2782 irreptum
1122 2696 1204 2762 orit
1224 2708 1394 2781 utrimnque
1415 2708 1542 2777 tempus
1567 2692 1601 2754 ri·

295 2795 424 2857 deretur
441 2790 627 2874 ostendere,
651 2809 714 2861 tam
730 2796 936 2879 praeteritum
956 2816 1048 2880 quam
1071 2794 1223 2857 lutmum.
1266 2792 1378 2875 Itaque
1393 2789 1435 2852 P.
1453 2785 1599 2871 Nigidius,

293 2886 432 2951 civitatis
459 2891 623 2955 Romanae
651 2891 872 2968 doctissimus,
904 2911 1003 2972 super
1033 2886 1228 2951 dubitatione
1253 2887 1315 2949 bac
1343 2903 1454 2953 eorum
1486 2878 1602 2962 scripdt

292 2979 327 3043 in
351 2994 467 3063 quiarto
493 2982 645 3051 vicesimo
669 2982 979 3052 Commentariorum
1002 2980 1309 3047 Grammaticorum:
1331 2988 1426 3059 atque
1446 2975 1519 3056 ipse
1535 2992 1601 3055 qino·

293 3095 357 3156 quie
377 3075 459 3139 idem
481 3088 587 3159 putat,
609 3077 761 3144 incertam
781 3098 851 3142 esse
871 3076 1024 3160 temporis
1046 3068 1381 3138 demonstrationem.'¹
1425 3069 1471 3132 Α.
1490 3066 1602 3130 Gellius

294 3169 415 3232 XVII.
440 3174 476 3245 t,
502 3172 608 3237 1-1.
636 3206 679 3222 ··-
721 3172 949 3252 „Furtivarum
975 3190 1080 3232 rertrm
1113 3168 1163 3230 lex
1190 3165 1354 3230 duodecim
1380 3162 1601 3228 tabularumet

295 3261 348 3323 lex
368 3260 490 3327 Atinia
511 3260 629 3329 inhibet
652 3263 910 3347 rusttcnpionem.'’
954 3261 1061 3326 instit.
1083 3259 1132 3325 ll.
1157 3261 1194 3334 6,
1219 3258 1252 3322 9.

378 3356 523 3419 Verbum
545 3371 744 3442 surreptum
765 3358 903 3441 explieat
925 3356 1146 3421 Gotholredus
1169 3356 1210 3419 ad
1231 3353 1312 3417 ΧΠ.
1335 3348 1514 3415 tabuisset
1538 3366 1603 3410 sain

294 3460 432 3530 reptem
446 3449 537 3514 latius
551 3472 621 3515 esse
641 3455 850 3546 refurtiua,
874 3450 925 3513 cui
946 3450 1016 3527 iam,
1028 3448 1058 3512 in
1078 3449 1162 3514 ΧΠ.
1185 3450 1274 3511 tabb.
1294 3456 1421 3510 aeterna
1439 3440 1605 3509 eructarit!

293 3541 456 3605 tribuitur.
503 3545 592 3608 'tulit
620 3545 765 3613 tribunus
792 3547 918 3632 quidam
945 3543 1097 3611 Atinius.
1146 3540 1227 3607 Eius
1251 3540 1280 3603 in
1305 3535 1605 3605 lnuinuionibmet

294 3635 455 3699 Pandente
488 3636 655 3720 aliquoties
685 3640 722 3702 lit
755 3640 885 3706 mentio.
939 3634 1017 3701 Vid.
1050 3637 1227 3699 Menardur
1255 3635 1295 3695 ad
1324 3629 1494 3701 Ciceronis
1528 3629 1551 3691 l.
1579 3644 1604 3685 ι

295 3727 449 3809 Quaestio
469 3729 529 3792 fuit
549 3732 632 3795 inter
654 3732 756 3798 lCtos
777 3745 922 3807 veteres,
945 3740 1077 3794 arictore
1102 3729 1148 3808 Q.
1171 3727 1343 3805 Scaeuola,
1367 3728 1479 3787 'utrum
1501 3742 1540 3785 ea
1560 3718 1605 3780 lei

291 3820 324 3886 in
346 3821 551 3902 praeteritum
572 3824 664 3888 etiam
689 3847 726 3888 au
750 3825 780 3889 in
804 3825 945 3889 futurum
968 3834 1087 3886 tantum
1111 3821 1244 3886 valeret.
1289 3818 1367 3885 Vid.
1390 3816 1515 3880 Gellius
1534 3814 1558 3879 l.
1577 3832 1605 3873 e.

260 3960 263 3965 «
291 3914 466 3980 Balduinus
483 3916 620 4000 lurispr.
638 3918 784 3983 Mucian.
800 3941 834 4001 p.
853 3919 927 3985 981.
944 3917 1017 3983 989.
1060 3917 1235 3980 Menardus
1254 3914 1277 3977 l.
1296 3934 1326 3974 e.
1347 3909 1468 3975 Cicero
1487 3905 1604 3991 quide!

291 4006 410 4072 diserte
437 4010 512 4075 loco
535 4012 632 4077 citato
659 4034 725 4075 eam
748 4012 786 4076 iis
810 4013 935 4096 legibus
962 4020 1162 4085 annarmerat,
1194 4029 1275 4090 quas
1299 4005 1331 4089 iu
1357 4014 1523 4086 posterum
1548 4008 1605 4063 sta·

292 4111 402 4180 tuunt,
427 4126 467 4167 ex
488 4106 591 4193 iisque
616 4109 732 4170 docere
754 4105 906 4188 suscipit,
937 4127 1000 4169 non
1023 4124 1119 4187 posse
1146 4123 1162 4166 a
1187 4114 1337 4186 praetore
1360 4094 1441 4162 edici
1465 4095 1497 4159 in
1524 4113 1604 4174 prar-

292 4194 431 4261 teritum.
466 4201 552 4263 Ean.
596 4202 676 4265 Eam
703 4205 743 4266 0.
768 4200 888 4264 Atinio
913 4197 1066 4263 Labeoni
1091 4194 1348 4276 tribunoplebis
1374 4211 1402 4254 a.
1425 4211 1457 4254 u.
1479 4189 1553 4254 556.
1573 4186 1603 4246 dt

293 4307 349 4351 sua
372 4289 557 4357 coniectura
580 4293 732 4358 adscribit
753 4292 889 4379 Pighius
911 4295 998 4357 Anu.
1022 4292 1120 4355 Rom.
1145 4292 1189 4353 T.
1212 4290 1258 4353 Π.
1281 4310 1315 4371 p.
1340 4286 1413 4351 955.

702 4451 832 4516 Arruns
854 4450 896 4513 de
918 4447 1065 4513 tribunis
1082 4446 1204 4533 plebis.

378 4570 456 4651 „M.
477 4574 587 4638 Varro
612 4569 645 4635 in
670 4585 786 4657 quiarto
813 4568 1060 4652 Epistolicarum
1087 4566 1314 4649 Quaestionum
1339 4575 1371 4628 et
1394 4561 1525 4629 Atteins

293 4658 363 4742 pito
397 4662 429 4725 ia
464 4664 752 4731 Coniectaneorum
782 4663 998 4729 ducentesimo
1031 4661 1294 4747 quinquagesimo
1327 4679 1436 4734 nono,
1471 4657 1518 4719 ius
1549 4689 1566 4704 ι
1600 4693 1604 4698 -

229 4808 232 4817 ,
293 4755 458 4836 praefecto
473 4772 600 4824 mnatus
615 4759 751 4825 habendi
767 4758 894 4822 dicunt:
919 4761 1021 4841 deqite
1041 4777 1077 4821 ea
1095 4778 1131 4820 rs
1151 4776 1310 4819 assensum
1333 4773 1403 4814 esse
1424 4750 1577 4835 Capit

297 4847 462 4917 'l'uberoni
485 4865 597 4920 contra
619 4852 801 4920 sententiam
823 4852 905 4916 lunii
930 4852 1050 4915 relect:
1087 4870 1234 4935 nomque
1251 4859 1285 4912 et
1306 4846 1477 4925 tribunis,
1498 4838 1605 4926 inquit,
