3214 5586
166 382 228 449 986
651 375 803 441 INDEX
823 375 1008 442 Leonta.

165 523 293 598 lunius,
328 531 363 584 ut
387 538 484 602 saepe
510 516 623 581 indicia
650 520 735 600 apnd
758 517 950 584 Ciceronem
973 538 991 581 1
1011 516 1077 581 reis
1102 527 1276 593 vocantur3
1308 537 1342 580 v.
1367 537 1397 583 e.
1418 515 1500 583 iudi·

165 619 249 682 cium
272 615 407 694 Verris,
433 612 588 680 Cluentii.
618 614 704 677 Eas.

644 774 778 837 'sunnin
801 774 843 837 de
864 773 1009 838 ambitu.

252 900 386 976 ,Caussa
412 895 568 963 orationis
594 895 775 961 huiusmodi
801 896 845 976 (in
867 908 945 981 toga
968 895 1115 975 candida)
1143 893 1175 960 in
1201 907 1313 959 senatu
1334 897 1500 961 habendae

168 995 322 1062 Ciceroni
355 993 433 1069 luit,
469 994 556 1076 quod
582 1013 653 1055 111111
685 990 718 1053 in
752 991 819 1054 dies
846 989 973 1053 lieentia
1000 990 1136 1053 ambitus
1165 1001 1338 1074 augeretur
1366 1002 1503 1073 propter

165 1090 368 1174 praecipuam
399 1087 557 1154 Catilinae
585 1098 618 1149 ot
643 1085 779 1149 Antonii
805 1083 986 1159 arrdaciam,
1021 1094 1188 1149 censuerat
1210 1095 1357 1160 senatus,
1391 1097 1428 1147 ut
1449 1085 1503 1147 lex

167 1185 302 1249 ambitus
335 1194 427 1247 ancta
455 1181 550 1245 otiam
578 1201 649 1243 cnm
678 1199 782 1261 poena
809 1179 970 1253 ferretum
1005 1177 1099 1262 eique
1122 1176 1170 1243 rei
1192 1178 1235 1257 Q.
1262 1178 1393 1242 Mucius
1417 1180 1501 1245 Ore-

168 1279 268 1343 stinus
291 1277 437 1341 tribunus
459 1275 564 1359 plebis
581 1276 821 1337 intercesserat.
866 1276 949 1339 Tum
967 1270 1086 1336 Cicero
1110 1273 1253 1356 graviter
1275 1286 1385 1337 senatu
1404 1274 1503 1336 inter-

166 1374 342 1437 cessionem
366 1371 489 1436 serente
512 1367 654 1433 surrexit
680 1380 776 1451 atque
798 1366 830 1429 in
860 1366 1030 1429 coitionem
1056 1364 1212 1431 Catilinae
1236 1378 1267 1429 et
1294 1367 1430 1430 Antonii
1454 1370 1503 1433 in·

166 1477 279 1531 vectus
308 1476 358 1528 est
386 1477 460 1528 ante
483 1462 550 1527 dies
573 1460 776 1527 comitiorum
798 1460 956 1542 paucos.'’
998 1458 1162 1525 Asconius
1184 1483 1220 1543 p.
1244 1461 1297 1523 83.
1319 1461 1366 1524 cl.
1391 1484 1423 1542 p.
1444 1463 1500 1526 85.

253 1562 388 1643 „Negat
416 1558 517 1622 inisse
544 1567 668 1621 rectiun
700 1553 806 1629 Cato,
842 1577 892 1618 mo
917 1567 951 1618 et
983 1557 1144 1620 consulem
1174 1568 1207 1617 et
1234 1556 1322 1640 legis
1349 1556 1502 1619 ambitus

168 1656 303 1719 latorem
328 1664 361 1716 et
383 1665 445 1716 tam
469 1671 582 1716 severe
604 1663 698 1735 gesto
713 1650 888 1723 consulatu
909 1669 1034 1713 caussam
1057 1651 1101 1714 L.
1124 1651 1283 1715 Murenae
1305 1649 1499 1736 attingere.”

165 1769 229 1830 pro
254 1749 393 1813 Manena
417 1749 456 1823 9,
480 1748 513 1811 3.
537 1745 583 1809 11.
606 1746 644 1821 3,
669 1746 688 1807 5
712 1753 744 1807 et
766 1743 823 1819 39,
848 1743 903 1805 67.

255 1843 390 1926 ,Atque
413 1842 492 1905 illud
513 1840 608 1904 etiam
632 1837 740 1901 audire
764 1859 781 1898 a
806 1850 839 1901 te
860 1838 977 1920 cupio:
1006 1859 1124 1922 quiere,
1150 1859 1220 1900 cnm
1247 1858 1311 1923 ego
1331 1840 1436 1921 legem
1460 1839 1504 1903 dc

166 1937 301 2000 ambitu
321 1936 448 1999 tulerim
470 1957 511 1997 ex
524 1936 655 1997 'senatos
678 1933 847 2006 consulto,
871 1933 997 1996 tulerim
1019 1933 1158 2013 sineri,
1181 1933 1307 1995 tulerim
1329 1934 1426 1996 salvis
1451 1955 1509 1995 an·

166 2030 294 2111 spiciis,
318 2031 405 2092 salva
425 2030 499 2114 lege
521 2029 620 2091 Aelia.
637 2037 669 2088 et
691 2025 804 2100 Fufia,
829 2036 863 2087 tu
887 2047 956 2088 eam
981 2047 1050 2090 esse
1071 2026 1174 2111 legem
1197 2048 1262 2090 non
1289 2040 1401 2110 putes:
1433 2048 1506 2090 111111

168 2145 237 2187 mea
261 2124 313 2186 lex
335 2123 471 2187 dilucide
496 2134 602 2197 vetet,
625 2120 777 2195 biennio,
802 2142 871 2204 quo
891 2121 970 2203 quis
989 2131 1087 2203 petat
1106 2120 1321 2203 petiturusve
1341 2121 1405 2195 sit,
1429 2123 1508 2202 glo-

171 2217 326 2281 diotores
354 2218 457 2293 dare,
492 2217 561 2279 nisi
582 2238 628 2278 eac
653 2223 859 2278 testamento
878 2213 1092 2295 praestituta
1116 2212 1204 2276 die.’'
1248 2214 1279 2277 in
1308 2214 1420 2277 Vatin.
1446 2216 1506 2291 15,

167 2311 223 2375 37.
253 2348 292 2358 -
327 2311 433 2386 ,Α111
458 2332 525 2385 mea
549 2311 609 2373 sibi
633 2309 675 2371 ait
698 2306 881 2389 displicere.
928 2306 1008 2385 Quis
1035 2305 1158 2370 nescit?
1192 2308 1246 2393 qui
1270 2309 1375 2393 legem
1404 2330 1508 2372 meam

168 2418 364 2484 contemnat,
388 2428 471 2490 qnae
492 2405 630 2467 dilucide
654 2413 758 2474 vetat,
781 2402 997 2485 gladiatores
1011 2402 1164 2479 biennio,
1189 2425 1257 2489 quo
1275 2403 1353 2488 quis
1363 2402 1509 2487 petierit

100 2536 105 2545 ·
167 2513 230 2563 out
248 2501 425 2584 petiturus
446 2499 509 2573 sit,
533 2498 644 2561 dare?
677 2517 739 2579 pro
763 2495 869 2573 Sestio
892 2497 950 2572 114,
976 2497 1050 2559 133.

254 2594 375 2674 „Quod
390 2593 434 2656 ait
457 2595 497 2656 ab
513 2613 552 2656 eo
572 2592 674 2681 legem
698 2612 783 2653 snam
800 2611 867 2652 esse
883 2601 1112 2673 contemptam,
1139 2589 1297 2675 significat
1312 2614 1397 2668 eam,
1423 2613 1507 2676 quac

169 2689 356 2753 auctoribus
385 2688 570 2752 consulibus
597 2688 709 2749 eodem
735 2683 896 2750 Cicerone
923 2696 953 2746 et
980 2682 1022 2748 C.
1050 2685 1194 2749 Antonio
1222 2686 1264 2748 de
1286 2686 1419 2749 ambitu
1442 2687 1507 2749 lata

44 2790 59 2803 ‘
169 2795 218 2846 est
246 2782 345 2845 rnrilto
372 2781 521 2845 severior
550 2802 642 2865 quiam
669 2780 774 2842 fuerat
799 2778 851 2841 illa
882 2776 1075 2860 Calpurnia:
1108 2779 1389 2861 praescribebatnr
1421 2783 1505 2844 enim

169 2877 253 2940 inter
276 2887 402 2950 cetera,
425 2897 468 2939 ne
488 2875 695 2938 candidatus
716 2884 797 2935 ante
818 2873 992 2936 biennium
1013 2893 1118 2956 quam
1145 2873 1393 2958 magistratum
1416 2876 1506 2957 peti-

168 2981 270 3034 turus
291 2980 398 3046 esset,
424 2990 550 3032 munus
568 2970 700 3052 populo
722 2968 855 3041 ederet,
879 2978 1015 3049 propter
1038 2967 1188 3030 ambitum
1211 2969 1349 3045 scilicet,
1380 2991 1420 3031 ne
1443 2972 1509 3033 hoc

168 3062 241 3145 ipso
260 3062 426 3146 popularis
445 3064 566 3126 animus
586 3060 763 3124 eblanditus
783 3059 996 3144 designationi
1012 3061 1079 3124 eins
1096 3062 1354 3127 sueonmberet.'’
1392 3066 1508 3129 Schol.

170 3158 257 3222 Bob.
279 3178 341 3239 pro
364 3156 469 3221 Sestio
491 3179 526 3239 p.
551 3156 625 3220 309.
663 3155 708 3218 11.
732 3178 768 3237 p.
792 3156 867 3218 394.

257 3254 400 3334 „Poeno
419 3251 564 3337 gravior
579 3253 616 3314 in
631 3251 765 3334 plebem
789 3262 843 3312 tna
866 3271 948 3313 voce
972 3250 1143 3335 efflagitata
1159 3264 1223 3327 est;
1246 3253 1399 3317 commoti
1415 3252 1511 3316 animi

170 3346 371 3422 tenniorum3
395 3378 436 3390 -
458 3345 626 3411 exsilium
646 3347 682 3407 in
697 3357 856 3409 nostrum
873 3344 1048 3408 ordinem:
1071 3347 1231 3410 concessit
1249 3358 1376 3410 senatus
1395 3356 1516 3428 postu:

170 3439 281 3504 lationi
296 3453 391 3504 tnnc:
416 3441 527 3505 morbi
541 3438 762 3503 excusationi
771 3459 888 3520 poena
901 3438 1023 3501 addito
1037 3439 1115 3503 est.”
1137 3462 1200 3522 pro
1220 3442 1359 3505 Murena
1376 3441 1435 3517 93,
1454 3445 1510 3505 47.

256 3537 345 3617 „Sed
367 3535 443 3619 quid
466 3556 531 3618 ego
553 3545 684 3597 matrem
704 3544 759 3595 ant
773 3535 901 3595 domum
917 3533 1063 3614 appello,
1089 3555 1182 3618 quiem
1199 3556 1284 3599 nova
1300 3556 1407 3618 poena
1426 3536 1509 3620 legis

171 3641 204 3694 et
225 3633 321 3694 domo
345 3641 376 3693 et
398 3639 531 3735 parente
555 3639 587 3691 et
610 3628 748 3690 omnium
771 3648 903 3690 suorum
928 3629 1156 3691 consuetudine
1166 3641 1417 3721 conspectuque
1437 3629 1509 3711 pri·

170 3722 250 3787 vat?
273 3724 337 3787 lbit
360 3724 459 3830 igitur
480 3723 513 3786 in
537 3720 683 3786 exsilium
707 3720 852 3783 miser?'’
895 3741 959 3803 pro
983 3722 1121 3784 Murena
1146 3724 1206 3798 41,
1231 3725 1285 3788 89.

171 3856 175 3865 ·
256 3817 345 3899 „Hic
367 3817 460 3879 etiam
479 3816 644 3890 addidisti,
669 3837 718 3877 me
736 3814 859 3878 idcirco
878 3835 947 3877 mea
963 3813 1035 3899 lege
1054 3814 1169 3880 exsilio
1184 3819 1333 3880 ambitum
1348 3818 1507 3896 sanxisse,

169 3922 205 3976 ut
227 3910 480 3976 miserabiliores
501 3910 660 3995 epilogos
674 3930 802 3992 possem
825 3908 966 3972 dicere.''
997 3930 1059 3991 pro
1082 3911 1216 3976 Plancio
1240 3913 1296 3988 34,
1321 3914 1376 3979 83.

257 4006 379 4088 Nec
370 4026 576 4090 ignoramus
601 4016 733 4067 auctore
751 4024 823 4086 apso
840 4001 1001 4067 Cicerone
1016 4002 1111 4068 etC
1131 4006 1276 4071 Antonio
1293 4028 1383 4073 cons
1401 4009 1510 4092 legem

171 4059 369 4164 sereiiorem
391 4103 429 4163 de
454 4098 573 4162 ambitu
594 4099 753 4182 puniendo
777 4094 946 4178 scriptam,
977 4095 1066 4161 ouius
1077 4088 1231 4164 meminit
1253 4122 1316 4183 pro
1342 4102 1508 4166 Murena.

171 4215 242 4258 nam
277 4193 463 4258 clementior
491 4192 688 4277 aliquatenus
719 4193 887 4258 videbatur
920 4193 974 4255 lex
1003 4190 1103 4256 luisse
1137 4192 1351 4277 Calpurnial’
1396 4198 1512 4262 Schol.
1549 4224 1554 4229 ·

174 4289 261 4353 Bob.
283 4310 345 4370 pro
368 4287 502 4352 Plancio
525 4309 559 4371 p.
584 4287 658 4351 9119.

257 4384 423 4463 „Poenam
450 4385 489 4445 de
522 4380 640 4444 ambitu
674 4380 856 4467 graviorem
882 4382 1032 4448 consules
1063 4382 1104 4449 C.
1136 4384 1299 4449 Antonius
1329 4396 1361 4449 et
1390 4383 1513 4450 Cicero

171 4488 367 4552 sanxerunt,
401 4487 437 4538 ut
464 4486 595 4557 praeter
622 4477 702 4539 haec
731 4474 896 4537 veteribus
924 4476 1051 4561 legibus
1078 4478 1273 4558 (Cornelio,
1305 4479 1515 4562 Calpurnio)

173 4570 346 4634 constituta
374 4568 468 4633 etiam
498 4569 597 4633 exilio
627 4568 873 4632 multarenturl'
917 4569 1031 4635 Schol.
1060 4573 1148 4636 Bob.
1177 4595 1239 4655 pro
1263 4573 1407 4655 Sulla.p
1435 4574 1512 4636 3119.

249 4660 424 4744 Ἔδοξε
385 4688 423 4759 τη
445 4665 551 4757 βουλῇ
579 4665 694 4729 ὁέκα’
678 4663 757 4729 sauir
776 4660 894 4780 ‹pvyipu
908 4666 968 4730 τοῦ
988 4667 1224 4753 Κικέρωνος
1246 4669 1279 4745 ἐς
1300 4664 1342 4734 τὰ
1362 4663 1513 4754 μάλιστα

173 4752 364 4842 ἐνάγοντος,
394 4781 463 4836 τοις
488 4758 663 4843 ἐπιτιμίοις
683 4779 753 4832 τοις
774 4759 824 4821 ἐπὶ
850 4758 894 4848 τῷ
916 4760 1068 4853 8111111μῶ
1090 4766 1301 4849 τεταγμένως
1322 4786 1511 4855 προσνομο-

173 4853 331 4936 desinas.
372 4852 439 4963 Dio
463 4850 560 4919 Cass.
583 4850 790 4919 XXXVII.
802 4849 856 4917 99.
