3214 5586
166 500 175 513 .
215 376 279 462 ato
702 386 854 463 murex
876 372 1061 463 nauum.

214 541 272 603 sed
300 537 391 602 etiam
414 548 487 602 ante
512 537 544 601 in
573 539 647 625 lege
669 540 834 605 Seruilio:
869 554 930 623 per
956 541 1033 603 deos
1055 535 1268 603 immortales!
1306 537 1381 621 qnld
1403 535 1537 621 agimus,

212 632 360 699 iudices?
393 645 446 696 aut
470 655 563 717 quiem
585 635 671 696 hunc
696 656 816 698 morem
843 656 1004 700 novorum
1029 632 1219 698 iudiciorum
1244 632 1278 696 iu
1300 654 1367 695 rem
1389 631 1538 715 publicam

213 727 441 794 inducimus?”
485 737 546 812 pro
570 728 685 793 Rabir.
711 731 870 795 Postumo
894 733 931 808 a,
957 732 990 796 9.

301 823 472 907 „Glaucia
493 824 614 907 primus
636 824 728 901 tulit,
752 835 786 888 ut
806 824 1145 907 comperendinaretur
1166 845 1259 899 reus3
1282 830 1372 886 autea
1394 821 1448 884 vel
1467 819 1540 884 indi-

214 916 282 983 cari
303 918 410 1002 primo
432 929 559 1000 poterat
584 919 636 982 vel
659 918 835 1002 amplius
858 919 1096 1001 pronuntiari.’'
1132 918 1235 984 Verr.
1256 918 1311 982 lib.
1333 917 1365 980 I.
1388 915 1426 991 9,
1449 915 1501 978 96.

252 1014 257 1027 ’
300 1014 415 1096 „Ante
438 1012 541 1097 legem
567 1014 734 1077 Glauciae
758 1014 797 1076 de
819 1014 1154 1097 comperendinatione
1184 1024 1239 1077 aut
1264 1009 1368 1075 statim
1394 1007 1540 1072 sententia

214 1103 401 1185 dicebatur,
426 1106 453 1170 si
475 1107 692 1172 absolvendus
712 1118 796 1170 esset
807 1108 915 1185 reus,
940 1120 993 1172 aut
1015 1107 1188 1192 amplius
1210 1104 1490 1188 pronuntiabatur,
1514 1101 1539 1165 sl

213 1201 380 1265 rideretur
407 1218 476 1264 esse
506 1202 720 1279 damnandus,
755 1221 826 1264 cum
855 1201 1008 1266 dixissent
1036 1203 1155 1266 iudices
1186 1203 1276 1266 Non
1305 1199 1452 1283 liquet,
1479 1197 1539 1260 =hoo

214 1306 280 1373 esi,
305 1296 465 1361 Obscura
484 1314 592 1359 eausa
612 1294 696 1362 est.”
740 1296 1064 1371 Pseudo-Asconius
1086 1320 1120 1380 p.
1145 1298 1219 1362 164.

300 1392 423 1474 „Quod
449 1389 477 1453 si
503 1389 705 1454 acerbissima
731 1390 804 1474 lege
832 1391 979 1457 Servilia
1008 1391 1169 1474 principes
1195 1389 1277 1468 viri,
1314 1386 1490 1476 gravissimi
1512 1398 1538 1449 et

213 1484 437 1567 sapientissimi
461 1489 564 1563 cives,
588 1488 671 1549 hauc
692 1488 836 1565 Latinis,
866 1486 901 1550 id
924 1498 972 1549 ost
993 1482 1186 1563 foederatis,
1219 1486 1303 1549 riam
1329 1487 1369 1548 ad
1391 1482 1536 1547 civitatem

212 1578 326 1663 populi
345 1579 432 1643 iussu
454 1592 565 1661 patere
589 1581 675 1662 passi
696 1596 783 1659 sunt,
808 1583 864 1666 (ut
886 1581 1004 1645 scilicet
1026 1582 1192 1645 damnato
1213 1580 1283 1644 cive
1298 1582 1458 1646 Romano
1478 1574 1535 1660 ipsi

212 1674 302 1737 ciues
323 1674 473 1739 Romani
487 1674 660 1759 fierent‚)
682 1698 785 1760 neque
809 1690 858 1740 est
878 1676 943 1741 hoc
970 1678 1199 1758 reprehensum
1223 1674 1350 1738 Licinia
1379 1685 1412 1737 et
1435 1670 1534 1735 Mucia

210 1765 304 1852 lege,
336 1790 406 1832 cum
432 1771 622 1852 praesertim
651 1790 750 1855 genus
773 1771 875 1853 ipsum
898 1768 1166 1834 accusationiset
1193 1791 1311 1835 nomen
1334 1780 1366 1833 et
1395 1765 1535 1831 eiusmodi

212 1862 408 1951 praemium,
432 1864 521 1948 quod
543 1884 637 1928 nemo
661 1864 789 1950 assequi
811 1876 922 1946 posset
944 1863 1004 1926 nisi
1034 1884 1075 1928 ex
1095 1864 1251 1928 senatoris
1271 1864 1466 1939 calamitate,
1487 1880 1534 1922 ne·

214 1978 276 2044 quie
304 1956 447 2022 senatori
468 1979 573 2041 neque
594 1958 681 2022 bono
709 1958 857 2044 cuiqnam
881 1957 972 2022 nimis
998 1958 1167 2022 iucundum
1197 1979 1265 2023 esse
1291 1964 1422 2040 posset:
1458 1953 1535 2018 tnti-

212 2055 341 2116 tandum
376 2050 455 2128 fuit,
491 2050 587 2136 quiin,
623 2074 689 2138 quo
717 2053 749 2116 iu
778 2072 897 2138 genere
925 2052 1063 2118 iudicum
1095 2052 1236 2136 praemia
1264 2064 1336 2115 rata
1367 2063 1481 2127 essent,
1508 2049 1533 2112 it

89 2177 91 2181 ¹
214 2149 327 2211 eodem
341 2142 455 2209 iudicia
470 2147 699 2229 imperatorum
724 2146 895 2211 valerent?
917 2148 1003 2211 Num
1024 2148 1144 2213 firudos
1165 2147 1264 2233 igitur
1284 2147 1392 2211 factos
1409 2144 1533 2229 populat

213 2240 351 2305 Latinos
374 2242 572 2304 arbitramur
588 2254 641 2304 aut
662 2241 809 2306 Servilia
830 2243 902 2328 lege
925 2255 978 2307 aut
1001 2243 1135 2319 ceteris,
1160 2242 1275 2328 qrribus
1297 2241 1424 2305 Latinis
1443 2237 1532 2303 homi·

213 2336 308 2400 nibus
321 2346 390 2399 erat
406 2336 608 2419 propositum
622 2336 724 2420 aliqua
740 2358 779 2399 ex
792 2356 827 2401 rc
838 2339 1012 2420 praemium
1025 2334 1214 2401 civitatis?'’
1236 2357 1299 2419 pro
1315 2336 1419 2400 Balbo
1432 2333 1533 2417 igaal.

298 2429 403 2496 Huius
427 2429 506 2515 legis
531 2429 713 2516 fragmenta
736 2433 834 2497 edidit
856 2444 952 2517 atque
979 2433 1112 2518 egregie
1138 2430 1329 2507 illustravit,
1360 2452 1452 2517 qoem
1475 2446 1533 2491 sae·

213 2524 285 2610 pius
306 2525 367 2588 iarn
392 2524 606 2603 laudavimus,
640 2523 682 2591 C.
708 2528 751 2590 Α.
776 2523 818 2593 C.
843 2526 996 2591 Klenze
1027 2525 1154 2607 (Berol.
1184 2525 1277 2592 1825.
1301 2527 1371 2605 4.):
1395 2542 1437 2589 ax
1456 2521 1532 2585 euius

211 2618 454 2706 prolegomenis
477 2620 539 2682 huc
561 2619 850 2703 transscripsimus,
876 2642 958 2706 quae
981 2624 1019 2684 de
1042 2630 1145 2685 aetate
1167 2620 1248 2705 legis
1271 2619 1440 2684 disseruit:

201 2730 209 2798 ζ
298 2713 445 2798 Rogavit
466 2734 535 2776 eam
558 2717 596 2780 C.
618 2714 673 2778 itte
695 2714 861 2778 Servilius
882 2715 1063 2795 Glauciu¹)
1085 2713 1140 2800 qui
1158 2712 1202 2779 C.
1225 2713 1331 2778 Marii
1352 2714 1457 2781 socius
1473 2730 1533 2775 cum

211 2804 257 2871 L.
281 2806 447 2890 Appuleio
471 2807 643 2871 Saturnino
666 2820 708 2870 ex
729 2828 841 2871 eorum
863 2808 923 2871 mit
945 2828 1101 2884 numero,
1136 2826 1218 2891 quos
1241 2806 1294 2870 ille
1325 2786 1447 2872 sexium
1467 2825 1532 2868 con·

214 2902 265 2964 sul
287 2902 391 2982 (ott.)
412 2899 530 2963 indicta
556 2900 681 2984 quidem
705 2902 854 2983 eausal),
884 2904 941 2967 sed
964 2903 1099 2966 vocibus
1120 2901 1235 2984 populi
1258 2921 1319 2965 eos
1343 2898 1473 2964 interfici
1494 2898 1532 2960 iu·

211 2995 317 3059 beotia
340 2995 499 3076 motnsl),
531 2994 600 3059 sive
623 2996 760 3059 interfici
782 2997 926 3077 iussit‘t),
958 2997 1026 3062 sive
1048 3018 1066 3058 a
1088 2996 1212 3079 populo
1239 2994 1270 3058 iu
1296 2996 1403 3072 curma,
1433 2990 1531 3077 inqua

213 3110 271 3155 eos
303 3089 494 3164 incluserat,
528 3087 651 3157 iniectis
686 3091 802 3176 tegulis
836 3091 1025 3157 interiectos
1054 3110 1119 3154 non
1147 3088 1373 3170 vindicavit⁵).
1418 3085 1532 3181 Blaesis

212 3206 253 3251 eo
276 3199 359 3249 anno
380 3192 514 3269 praetor
536 3195 622 3260 erat,
647 3196 680 3248 et
706 3198 740 3249 ut
766 3184 886 3251 Cicero
911 3185 986 3266 aitl)
1008 3184 1121 3249 consol
1142 3185 1246 3248 factus
1272 3184 1404 3261 fuisset,
1429 3181 1456 3246 si
1476 3180 1531 3244 eins

212 3280 371 3345 rationem
397 3278 517 3341 habere
537 3276 692 3344 licuisset.
737 3281 829 3362 Quae
855 3303 926 3344 cnm
952 3280 999 3344 ita
1028 3280 1109 3355 siut,
1142 3280 1195 3344 lex
1221 3280 1361 3343 Servilia
1389 3277 1448 3341 lata
1474 3292 1530 3337 esse

212 3386 278 3438 nott
301 3383 409 3455 potest
430 3384 507 3455 post
528 3384 653 3437 textum
676 3370 778 3439 Marii
799 3376 1018 3450 consulatum3
1049 3374 1125 3458 quin
1154 3372 1247 3438 etiam
1271 3373 1349 3438 hnic
1375 3371 1436 3457 ipsi
1461 3386 1531 3432 auno

213 3470 388 3553 plerosque
410 3467 494 3532 falso
517 3486 585 3532 eam
609 3470 844 3551 adscribere7),
868 3470 941 3534 iude
961 3469 1186 3555 consequitur,
1212 3469 1300 3553 quod
1328 3481 1400 3532 ante
1420 3464 1531 3531 Sullana

212 3574 358 3646 tempora
382 3562 437 3627 vix
456 3562 519 3627 ulla
538 3564 592 3627 lex
610 3564 776 3647 popularis
796 3565 864 3629 aliis
886 3584 980 3651 quarn
1000 3563 1129 3628 tributis
1151 3561 1288 3627 comitiis
1314 3574 1346 3626 et
1368 3560 1429 3625 alio
1448 3552 1533 3640 magi·

212 3669 314 3723 stratu
337 3676 430 3743 quiam
450 3659 581 3723 tribuno
604 3659 706 3742 plebis
730 3671 868 3743 rogante
889 3657 970 3723 ferri
995 3638 1113 3742 potiit.
1157 3657 1273 3742 Neque
1298 3658 1428 3723 ohstaut
1451 3649 1532 3717 Cice·

260 3916 265 3925 .
288 3870 312 3937 ¹)
333 3863 397 3925 Cic.
418 3862 507 3923 Brut.
529 3869 576 3926 62.
598 3865 724 3944 ,Longe
742 3875 812 3941 post
831 3873 918 3921 natos
936 3860 1072 3931 homiues
1089 3858 1330 3937 improbissimus
1350 3859 1385 3918 C.
1399 3854 1530 3918 servitiu

213 3950 357 4019 Glaucia,
387 3944 441 4009 sed
460 3961 622 4027 peracutus
643 3960 673 4008 et
690 3951 815 4007 callidus
834 3964 903 4006 cum
925 3948 1091 4024 primisque
1110 3945 1269 4004 ridiculus.
1301 3947 1345 4007 ds,
1366 3962 1403 4001 ex
1422 3937 1529 4032 summit

213 4047 245 4094 et
268 4036 408 4094 fortunae
434 4046 465 4093 et
485 4038 566 4093 vitae
591 4034 732 4097 sortitus
752 4068 768 4080 -
786 4069 802 4082 -
816 4036 942 4092 -homo
963 4033 1129 4091 simillimus
1151 4034 1347 4090 Atheniensis
1367 4020 1528 4104 Hypasioi,

211 4120 299 4180 cuius
312 4118 535 4199 improbitatem
551 4133 669 4179 veteres
682 4124 855 4179 Atticorum
868 4120 1040 4178 comoediae
1052 4119 1265 4176 muniuerunt.”
1296 4117 1343 4177 ct.
1361 4132 1417 4194 pro
1436 4106 1528 4169 Balit-

211 4202 298 4266 Poat.
319 4214 347 4267 6.
369 4206 476 4265 Livius
497 4206 554 4283 Ep.
575 4206 690 4265 LXIX.
717 4207 826 4265 Aurei.
847 4207 954 4265 Victor
971 4205 1010 4263 de
1028 4206 1105 4263 viris
1123 4203 1168 4261 itt.
1189 4222 1216 4261 e.
1241 4210 1288 4266 ts.

288 4294 313 4364 ²)
332 4292 415 4350 Nihil
431 4293 512 4349 euim
531 4292 568 4349 de
587 4291 754 4351 Saturnino
772 4304 803 4350 et
821 4291 912 4350 sociis
931 4293 997 4350 eius
1014 4291 1193 4351 nummatior
1211 4299 1279 4348 erat
1294 4289 1452 4349 temetum.
1465 4332 1473 4351 .
1488 4273 1528 4335 Cl-

214 4375 278 4437 cic.
301 4377 569 4438 incitante.
591 4387 621 4433 et
639 4380 716 4435 Aur.
738 4377 818 4436 vict.
840 4377 862 4436 l.
884 4396 912 4436 e.
932 4380 981 4441 67.

287 4462 314 4538 ³)
334 4464 465 4538 Appiam.
487 4461 523 4519 Β.
546 4460 612 4520 Gir.
634 4462 659 4521 t.
681 4469 729 4526 52.

291 4547 316 4624 ⁶)
335 4547 444 4606 Cicero
463 4546 496 4605 ll.
517 4566 564 4606 co.

288 4633 314 4707 ⁵)
334 4634 493 4709 Appianus
514 4633 535 4691 l.
557 4653 586 4692 e.

289 4717 317 4788 6)
336 4714 424 4776 Brut.
446 4722 494 4779 62.
1500 4785 1506 4797 ὓ

273 4800 381 4873 ,7)(1ῐ.
410 4802 556 4880 Sigonius
576 4800 612 4861 de
634 4800 700 4861 tut.
725 4798 765 4861 Π.
787 4806 834 4861 27.
868 4802 1027 4862 Ernestius
1051 4805 1083 4862 iu
1100 4800 1168 4862 Iud.
1193 4802 1287 4882 Legg.
1311 4797 1349 4858 ad
1368 4784 1524 4855 mssnnt.

213 4884 360 4947 Glauciae
379 4901 411 4947 et
428 4888 601 4967 Caepionis.
622 4884 753 4949 Bactrius
773 4884 853 4948 utar.
873 4888 935 4947 Iur.
955 4909 986 4966 p.
1008 4896 1072 4951 170.
1095 4901 1126 4947 et
1144 4890 1207 4948 alii.
