3214 5586
620 362 976 429 trucutentus.
1391 316 1461 431 'rso

127 503 281 603 ἀπέκοψε
308 505 367 588 τῆς
396 506 459 573 τῶν
487 506 709 593 συγκλητικῶν
737 500 915 591 δυνάμεως.
971 482 1140 572 Plutarch.
1173 528 1208 572 v.
1243 504 1286 574 C.
1321 507 1461 575 Gracchi

129 624 161 667 c.
185 604 218 668 5.
262 600 364 669 Cani.
386 600 528 687 Appian.
551 602 590 665 de
611 598 695 665 Bell.
719 599 797 668 civ.
819 600 850 664 1.
873 620 904 665 c.
927 601 967 664 21
991 621 1084 688 seqq.
1129 603 1248 669 Florus
1270 603 1339 667 111.
1364 604 1416 666 15.

267 754 271 757 ’
299 764 497 827 sanceronis
506 759 771 854 frumentaria.

215 888 278 963 „G.
300 887 479 966 Gracchus
493 903 571 962 ,cum
593 884 781 970 largitiones
804 883 956 950 maximas
979 884 1112 951 fecisset
1131 897 1164 951 et
1184 887 1350 952 effudisset
1370 907 1462 951 aera·

128 981 233 1057 mum,
269 979 376 1043 verbis
407 991 512 1043 tamen
542 979 733 1043 defendebat
761 978 932 1043 aerarium.
977 978 1064 1061 Quid
1086 984 1185 1045 verba
1214 982 1355 1057 audiam,
1390 1004 1462 1051 cum

128 1077 215 1141 facta
237 1073 387 1139 rideam?
408 1073 488 1139 Piso
507 1072 562 1137 illc
581 1074 684 1157 Frugi
706 1093 833 1156 semper
855 1084 968 1138 contra
991 1073 1094 1157 legem
1105 1073 1391 1166 frumentariam
1413 1076 1462 1140 di·

128 1181 237 1236 xerat.
281 1168 315 1233 ls
330 1169 404 1255 lege
418 1168 483 1232 lata
501 1168 677 1233 consularis
692 1171 732 1231 ad
746 1167 938 1231 frumentum
955 1167 1171 1253 accipiendum
1193 1182 1336 1234 venerat.
1380 1171 1463 1237 Ani-

128 1262 300 1345 madvertit
323 1263 491 1329 Gracchus
510 1261 542 1325 in
566 1261 717 1327 contione
735 1260 889 1328 Pisonem
910 1272 1066 1347 stantem:
1090 1262 1216 1355 qttaerit
1237 1265 1383 1329 audiente
1401 1290 1463 1349 po-

126 1358 207 1445 pulo
230 1358 402 1431 Romano,
430 1354 485 1440 qui
506 1354 566 1421 sibi
591 1366 733 1432 constet,
765 1377 835 1418 cum
860 1376 897 1418 ea
920 1355 993 1441 lege
1016 1355 1209 1421 frumentum
1235 1370 1341 1441 petat,
1365 1382 1461 1443 quam

127 1449 327 1516 dissuaserit.
370 1449 509 1525 Nolim,
532 1449 653 1535 inquit,
677 1471 755 1514 mea
768 1449 886 1535 bona,
898 1451 1068 1528 Graccho,
1088 1451 1151 1516 tibi
1165 1453 1296 1518 uiritim
1310 1454 1462 1519 diuidere

126 1535 345 1620 iibcatr'sed,
368 1540 557 1635 sifacius,
578 1554 719 1626 partem
736 1555 867 1627 petam.
912 1545 1074 1609 Parumne
1092 1546 1266 1610 declararit
1286 1548 1337 1611 vir
1354 1548 1464 1634 gravis

126 1652 159 1704 et
190 1637 337 1721 sapiens,
368 1639 442 1722 lege
469 1637 676 1722 Sempronia
704 1638 932 1721 patrimonium
965 1639 1126 1721 pubiicum
1156 1639 1326 1724 dissipari?
1370 1645 1463 1729 Lege

126 1732 292 1800 orationes
315 1731 474 1797 Gracchi:
508 1744 679 1816 patronum
704 1730 821 1797 aerarii
844 1753 912 1796 esse
938 1732 1059 1797 dices.''
1105 1736 1205 1797 Tusc.
1229 1735 1298 1800 ΙΙΙ.
1323 1735 1381 1812 20,
1406 1738 1461 1801 18.

213 1825 516 1909 „Frumentariam
543 1825 646 1911 legem
677 1829 717 1892 0.
747 1828 927 1891 Gracchus
954 1827 1092 1891 ferebat.
1136 1827 1278 1891 iucunda
1300 1851 1353 1892 res
1376 1830 1465 1912 plebi

126 1924 311 1988 Romanae:
336 1919 439 1985 victus
462 1920 545 1984 enim
569 1920 834 2003 suppeditabatur
855 1920 947 2006 large
970 1920 1036 1984 sine
1060 1910 1183 1986 labore.
1225 1924 1464 2008 Repugnabant

124 2015 221 2093 boni,
245 2017 332 2098 quod
350 2027 381 2078 et
402 2017 442 2078 ab
460 2014 615 2078 industria
634 2015 762 2098 plebem
774 2018 825 2087 ¹ad
845 2015 994 2079 desidiam
1011 2014 1144 2095 avocari
1157 2020 1311 2099 putabant
1329 2029 1360 2081 et
1375 2038 1465 2081 aera·

122 2109 207 2175 rium
230 2108 394 2173 exhauriri
415 2108 618 2173 videbatur.''
653 2130 720 2193 pro,
738 2108 844 2174 Sestio
870 2111 928 2186 48,
954 2109 1027 2173 103.

213 2205 416 2287 „Gracchus
444 2203 549 2289 legem
573 2203 706 2280 tulerat,
740 2215 775 2267 ιιι
804 2204 945 2286 populus
973 2225 1036 2286 pro
1065 2205 1246 2282 frumento,
1282 2205 1371 2289 qttod
1400 2202 1464 2270 sibi

122 2298 256 2383 publice
281 2301 429 2373 daretur,
453 2296 485 2360 in
510 2296 655 2383 singulos
683 2297 807 2362 modios
834 2319 930 2362 senos
959 2297 1042 2361 aeris
1068 2309 1101 2362 et
1124 2298 1257 2363 trientes
1285 2297 1381 2381 pretii
1405 2319 1464 2364 no·

123 2391 209 2457 mine
231 2392 452 2456 exsolveret.”
497 2392 609 2455 Schol.
633 2392 720 2455 Bob.
744 2413 807 2474 pro
831 2390 938 2454 Sestio
960 2413 995 2473 p.
1019 2392 1082 2455 300
1103 2404 1134 2455 et
1157 2416 1191 2476 p.
1216 2392 1291 2457 303.

212 2489 280 2571 „a
303 2485 450 2551 Gracchi
469 2484 677 2548 frumentaria
699 2506 811 2572 magna
833 2482 983 2569 largiti03
1010 2486 1222 2550 exhauriebat
1243 2486 1345 2573 igitur
1371 2508 1462 2551 aera·

124 2581 227 2646 ιίιιιιιι
251 2581 376 2646 modica
398 2580 453 2643 Μ.
476 2579 605 2645 Octavii
628 2591 659 2643 et
678 2579 727 2642 rei
747 2579 893 2662 publicae
908 2577 1085 2642 tolerabilis
1107 2590 1140 2642 et
1158 2579 1244 2662 plebi
1264 2582 1461 2658 necessaria;

125 2697 204 2762 ergo
234 2686 267 2739 et
298 2673 421 2737 civibus
450 2684 482 2736 et
510 2673 558 2737 rei
587 2672 733 2757 publicae
764 2671 945 2735 salutaris.”
989 2675 1028 2735 de
1052 2672 1148 2737 Offic.
1172 2673 1222 2741 11.
1246 2674 1307 2751 21,
1334 2675 1386 2738 72.
1419 2711 1461 2724 -

129 2772 207 2846 ,M.
233 2767 389 2835 Octavius
415 2765 478 2833 Cn.
506 2766 533 2831 l.
563 2778 683 2830 tanturn
706 2766 896 2830 attctoritate
919 2764 1119 2850 dicendoque
1147 2767 1264 2843 valttit,
1298 2778 1332 2830 ιιι
1348 2760 1460 2854 legem

83 2938 89 2945 ¹
130 2863 365 2946 Semproniam
376 2860 662 2953 frumentariam
683 2860 797 2945 populi
821 2860 998 2946 frequentis
1022 2860 1187 2945 suffragiis
1213 2861 1459 2948 abrogaverit.”

131 2958 225 3022 Brut.
247 2958 302 3034 62,
327 2954 401 3022 222.

213 3051 403 3136 Sempronia
425 3052 498 3136 lege
519 3049 673 3114 sancitum
697 3061 763 3128 est,
795 3061 830 3121 ut
852 3049 943 3133 inopi
968 3050 1055 3133 plebi
1077 3050 1196 3134 singuli
1222 3049 1318 3117 modii
1343 3054 1463 3117 vende·

127 3157 279 3211 rectura
302 3157 413 3210 senatu
437 3143 552 3209 triente
576 3165 647 3208 curn
675 3144 822 3223 semisse,
857 3144 952 3231 idque
977 3145 1171 3209 serimentum
1198 3146 1284 3229 plebi
1314 3146 1459 3210 dividen-

125 3243 199 3307 dum
223 3263 265 3306 ex
288 3240 414 3307 aerario
437 3250 609 3304 erneretur.
632 3273 674 3337 -ζ-
696 3238 776 3304 Eam
796 3260 813 3302 a
834 3241 886 3304 M.
909 3238 1048 3305 Octavio
1072 3241 1261 3324 abrogatam
1283 3239 1459 3306 instaurare

125 3347 278 3402 conatum
304 3356 374 3399 esse
393 3335 528 3421 aliquem
546 3336 585 3398 de
604 3334 739 3397 tribunis
762 3332 804 3399 C.
827 3333 926 3397 Marii
947 3355 978 3397 a.
1002 3354 1035 3396 u.
1061 3333 1135 3396 ott.
1160 3334 1313 3418 collegis,
1337 3335 1459 3419 colligo

124 3430 340 3495 ePlutarcho
355 3429 385 3491 in
401 3429 512 3493 Mario
534 3452 569 3512 p.
594 3430 668 3491 tot.
693 3431 743 3493 ed.
766 3428 856 3508 Sylb.
878 3427 934 3512 qui
950 3426 1025 3491 dicit
1046 3424 1087 3490 C.
1109 3427 1251 3489 Marium
1276 3426 1458 3509 opinionem

123 3521 354 3607 popularitatis
373 3524 443 3609 lege
454 3527 501 3588 ·de
523 3522 642 3587 ambitu
662 3522 725 3585 lata
746 3521 935 3586 concitatam
959 3520 1134 3603 perdidisse
1154 3522 1366 3606 repugnando
1386 3518 1459 3583 lor·

123 3616 200 3681 titer
228 3617 293 3704 legi
323 3616 569 3693 frumentariae,
600 3637 681 3700 quae
709 3615 886 3679 ferebatur.
932 3612 1084 3679 Ceterum
1108 3612 1232 3678 tirones
1261 3624 1392 3688 natent,
1427 3613 1458 3676 in

123 3716 199 3798 lege
221 3711 284 3775 dici
305 3713 465 3777 semisses
487 3724 520 3793 et
541 3712 684 3776 trientes
711 3731 773 3793 pro
799 3712 1022 3784 dextautibus,
1055 3708 1129 3793 quia
1156 3711 1319 3772 dextantcs
1344 3727 1457 3770 ntrmos

123 3829 190 3872 noo
214 3808 392 3884 habebant,
424 3817 458 3871 ut
480 3809 562 3870 bene
585 3807 682 3870 docet
708 3803 896 3868 Gronovius
918 3807 956 3867 de
983 3814 1112 3867 sestert.
1135 3803 1200 3867 IV.
1227 3796 1279 3868 12.
1323 3802 1458 3865 Frustra

123 3899 355 3985 Chapmannus
384 3922 438 3984 ap.
468 3899 637 3966 Pearcium
666 3900 705 3962 ad
736 3896 807 3962 cic.
831 3900 869 3961 de
892 3897 989 3962 Offic.
1012 3896 1060 3961 ll.
1082 3897 1136 3961 21.
1170 3896 1307 3983 corrigit
1328 3893 1457 3960 semisse

122 4006 188 4060 aut
209 3995 342 4072 triente,
365 3994 658 4078 interpretaturque
679 3992 846 4057 citissimo
865 3992 993 4076 pretio.
1030 3992 1116 4056 Ean.

297 4157 495 4221 Semroouta
516 4154 691 4238 decapite
712 4152 838 4216 ciuium
858 4156 1108 4218 Romanorum.

212 4279 521 4365 „Onomastum
545 4276 720 4341 libertatis!
745 4295 766 4339 o
787 4274 836 4337 ius
859 4271 1008 4336 eximium
1032 4284 1160 4338 nostrae
1182 4269 1335 4335 civitatis!
1359 4271 1456 4339 olex

122 4375 245 4442 Porcia
267 4375 422 4461 legesque
442 4372 684 4456 Semproniae!
706 4390 727 4436 o
748 4367 891 4454 graviter
906 4366 1083 4431 desiderata
1099 4380 1130 4430 et
1145 4365 1316 4455 aliquando
1332 4366 1455 4430 reddita

120 4468 212 4553 plebi
238 4469 403 4533 Romanae
434 4464 601 4530 tribunicia
631 4466 792 4548 potestas!
826 4462 953 4526 Hucine
980 4464 1103 4524 tandem
1132 4461 1235 4526 omnia
1260 4459 1453 4538 reciderunt,

121 4575 160 4627 ut
183 4562 263 4627 ciris
277 4564 443 4628 Romanus
463 4560 496 4624 in
517 4559 684 4642 provincia
707 4556 819 4642 popuii
834 4555 990 4632 Rotnani,
1014 4555 1045 4618 in
1061 4555 1182 4638 oppido
1201 4553 1454 4628 foederatorum,

123 4660 165 4721 ab
188 4677 246 4733 eo,
271 4656 325 4741 qrri
344 4654 503 4719 beneficio
518 4653 634 4737 populi
650 4651 788 4719 Romani
803 4651 908 4715 fasces
930 4661 961 4713 et
977 4654 1106 4713 secures'
1123 4651 1274 4723 baberet,
1299 4647 1455 4732 deligatus

121 4749 155 4815 in
179 4750 256 4816 lara
280 4749 383 4837 virgis
411 4746 646 4814 caederetur?''
691 4747 793 4811 Verr.
816 4745 874 4810 lib.
895 4746 942 4809 V.
957 4742 1023 4829 ί63,
1051 4744 1123 4807 163.
1168 4740 1225 4809 Ci.
1255 4743 1301 4808 A.
1332 4740 1454 4806 Gellius

124 4847 173 4911 X.
196 4847 236 4923 3,
262 4844 313 4910 tt.
