3220 5572
414 398 843 517 eunuco-tuntum.
1270 396 1310 475 83

111 554 233 639 Πρέποι,
264 553 435 617 clerorum.
492 554 562 637 „Ut
591 551 672 616 enim
700 550 731 615 iu
756 552 839 629 vita,
874 552 921 617 sic
942 552 972 617 iu
997 552 1141 641 oratioue
1165 550 1240 616 nih'il
1263 563 1311 616 est

50 648 162 713 mutus
178 667 266 729 qnam
289 648 364 732 quid
387 650 498 712 deceat
517 648 639 712 videre.
663 652 798 736 Πρέποι)
819 649 981 743 appellant
997 651 1061 713 hon
1084 648 1225 713 Graeci:
1250 654 1310 710 hoa

50 744 145 805 hernus
161 756 228 805 sane
248 740 450 807 decorum.’'
499 745 620 809 Orator
642 744 701 819 21,
725 746 777 806 to.
801 779 842 790 —
894 795 909 825 „
921 744 997 807 Hoc
1024 744 1098 808 loeo
1131 738 1312 804 continetur

45 836 79 910 il,
99 838 165 918 qnod
186 834 245 898 uici
274 834 388 899 Latine
418 836 582 900 decorum
602 849 728 920 potest:
760 838 886 902 Graece
908 839 990 900 euim
1012 849 1134 925 πρέπον
1155 835 1311 900 dicitur.’'

42 928 156 995 noue.
174 930 280 1008 lull,
305 930 357 994 93.
802 920 808 937 ¹

92 1024 280 1108 Πρόβλημα,
302 1025 479 1108 quaestio.
498 1026 606 1106 „Illud
629 1048 729 1089 merim
757 1014 925 1108 proprium
947 1028 1144 1117 πρόβλημα,
1170 1044 1309 1109 quaeso,

32 1115 164 1201 suscipe.‘'
206 1121 245 1181 ad
266 1119 337 1182 Au.
362 1118 447 1183 VII.
472 1124 510 1196 1,
543 1121 573 1184 2.
596 1150 637 1164 -·
682 1120 775 1201 „Iam
797 1120 1019 1203 explicandum
1044 1135 1091 1185 est
1113 1120 1308 1204 πρόβλημα,

28 1211 48 1272 ti
70 1213 131 1294 qnid
156 1222 279 1275 aeturtu
308 1212 388 1274 es.''
442 1216 481 1276 ad
506 1217 577 1278 uu.
601 1214 685 1278 XII.
710 1214 747 1292 2,
770 1214 802 1277 2.
849 1212 1100 1282 Oonser”Allo
1125 1214 1310 1301 πρόβλημα.

89 1307 258 1390 Πρόβίημα
276 1307 531 1395 Ἀρχιμήδειον,
555 1308 712 1393 quaestio
736 1310 987 1386 Archimeden,
1020 1310 1045 1374 i.
1070 1332 1101 1374 e.
1128 1308 1221 1372 valde
1250 1304 1313 1369 dis·

26 1394 96 1461 ton
118 1411 145 1461 et
170 1402 320 1466 obscura.
372 1404 463 1483 „⁴Seel
492 1405 531 1465 de
554 1394 680 1467 Catone
703 1403 879 1492 πρόβλημα
899 1407 945 1470 Ἀ
965 1405 1134 1489 χιμήὃειον
1155 1404 1238 1468 est.”
1273 1401 1313 1463 ad

27 1493 82 1553 Au.
99 1490 228 1572 utut,
252 1496 286 1557 2.
332 1496 462 1560 Atticus
485 1496 617 1561 volebat
644 1495 837 1561 Ciceronem
865 1432 1058 1572 delatoris
1087 1490 1238 1563 seribere.
1270 1526 1313 1541 --

28 1584 120 1663 ,Abiit
138 1587 225 1666 illud,
258 1591 350 1672 quod
376 1601 440 1653 turn
472 1610 521 1653 me
547 1590 745 1669 stimulabat,
782 1596 871 1678 quod
901 1591 959 1659 tihi
994 1592 1105 1657 dabam
1136 1592 1313 1678 πρόβλημα

26 1680 254 1765 Ἀρχιμῆδὲιον.”
278 1685 320 1749 ad
341 1684 413 1749 uu.
436 1684 539 1749 XIII.
564 1686 623 1760 23,
655 1687 687 1749 3.
1291 1682 1298 1687 ’

89 1777 239 1863 Πρὸβολῆ.
301 1780 462 1861 „Semper
492 1774 671 1844 Carneades
701 1782 869 1867 προβολήν
896 1780 1014 1868 pugilis
1042 1793 1073 1845 et
1102 1779 1313 1845 retentionem

27 1868 125 1953 tulgas
148 1872 384 1937 similemlaeit
404 1873 548 1959 ἐποχῇ.”
601 1876 640 1937 ad
662 1875 734 1937 Att.
757 1866 860 1939 XIII.
884 1876 943 1951 21,
975 1877 1008 1938 3.
1054 1872 1214 1967 Προβολῆ
1245 1886 1311 1952 est,

27 1957 160 2044 htnprete
180 1968 316 2033 Budaeo
346 1966 378 2030 in
405 1965 533 2032 Comm.
562 1970 624 2031 Gr.
653 1968 696 2031 L.
719 1989 754 2050 p.
787 1969 862 2033 390.
885 1981 1001 2035 status
1022 1970 1153 2057 pugilis
1175 1971 1212 2032 in
1228 1990 1314 2052 pro-

29 2055 238 2123 numerantis
255 2062 498 2146 occasionique
523 2058 727 2150 inferendae
744 2065 872 2147 plagae
893 2063 1121 2140 imminentis,
1146 2075 1179 2126 et
1197 2063 1314 2148 agita·

32 2149 94 2212 toria
107 2148 142 2213 in‘
154 2155 351 2218 carceribus
373 2176 479 2241 equos
500 2159 708 2241 currumque
729 2157 945 2221 sustinentis.
970 2160 1047 2222 Inde
1070 2156 1163 2221 etiam
1187 2160 1227 2220 ad
1256 2157 1315 2219 mi·
1422 2176 1425 2183 ’

40 2238 91 2304 lites
108 2244 306 2325 transfertur,
342 2249 407 2332 qui¹
425 2250 457 2312 in
487 2250 554 2312 acie
581 2261 663 2312 stant
685 2250 842 2334 proiectis
867 2253 966 2315 scutis
993 2251 1147 2334 impetum
1174 2253 1312 2317 hostium

44 2348 205 2417 manneus
227 2352 264 2407 et
288 2344 496 2426 excipientes,
528 2355 559 2406 et
587 2354 711 2426 ternpus
737 2345 874 2427 impetus
903 2344 1039 2429 faciendi
1069 2346 1216 2413 idoneum
1240 2369 1312 2431 spe-

41 2426 149 2510 calestra,
164 2441 245 2521 apud
273 2438 481 2511 Plutarchum
511 2436 553 2500 in‘
576 2436 737 2516 Caesare,
775 2461 867 2525 quem
893 2442 999 2503 loenm
1025 2440 1106 2507 idem
1123 2440 1182 2503 ‘ille
1205 2440 1310 2503 attulit

37 2520 139 2592 huus
158 2535 176 2596 Ι.
202 2557 233 2597 o.
293 2532 343 2597 De
370 2530 521 2596 militibus
544 2530 651 2596 Latini
677 2532 804 2596 dieunt:
837 2533 1008 2615 proiieere
1029 2532 1191 2598 semermi
1224 2528 1313 2618 Qua-

35 2617 147 2703 domtus
160 2631 244 2710 apud
274 2624 412 2691 Gellium
436 2627 502 2691 IX.
522 2629 574 2691 13.
620 2628 737 2712 Graeci
760 2629 1012 2713 προβάλλεσθαι
1032 2630 1158 2694 ἀσπίδα
1175 2650 1226 2713 ap.
1245 2633 1314 2695 Ae·

33 2708 112 2776 lium
131 2719 171 2782 V.
196 2723 244 2785 Η.
274 2716 323 2785 Il.
347 2732 423 2805 cast.
448 2722 506 2784 ult.
532 2734 562 2784 et
585 2723 624 2784 ah
646 2724 706 2784 hae
721 2721 921 2805 proieotIone
943 2723 1024 2785 senti
1046 2732 1146 2785 status
1169 2722 1222 2787 ille
1244 2727 1314 2811 gla-

33 2802 141 2874 diatorius
168 2826 198 2878 et
226 2810 375 2879 militaris
409 2816 600 2899 appellatur.
661 2814 811 2880 Adiieere
842 2816 947 2899 placet
972 2817 1077 2880 locum
1105 2817 1252 2883 eGellio
1273 2824 1313 2886 de

35 2894 109 2964 ltere
123 2904 289 2993 insignem:
313 2909 424 2975 Sicuti
446 2909 610 2990 (athletae)
631 2910 679 2972 od
699 2910 902 2973 certandum
923 2909 1035 2974 vocati
1053 2912 1221 2995 proiectis
1243 2918 1312 2981 alte

31 2988 135 3063 leuntiis
156 3005 369 3078 consistunt,
399 3016 569 3089 caputque
590 3015 624 3067 et
646 3024 808 3067 ossuum
830 2996 1183 3089 maniliusoppositis
1211 3010 1313 3093 quusi

30 3088 334 3191 uthpraemuniunt
352 3108 416 3161 eet.
440 3102 522 3162 uude
545 3100 583 3161 de
605 3120 642 3161 ea
664 3120 700 3162 re
717 3113 830 3187 χεῖρας
845 3102 977 3189 ἀεῖραι,
997 3103 1116 3185 χειρῶν
1130 3102 1311 3184 ἅνάτασις,

30 3180 121 3250 lttitnu
145 3182 331 3275 r.'Cuper.
363 3193 446 3258 Ohs.
476 3193 506 3256 I.
532 3194 592 3261 ¹19.
622 3216 656 3275 p.
687 3193 740 3257 88.
771 3195 825 3277 qui
857 3195 948 3257 etiam
972 3195 1084 3270 docet,
1120 3196 1184 3261 hoo
1209 3197 1312 3280 ipsum

26 3274 120 3356 istun
136 3286 191 3349 diei
211 3306 273 3372 ap.
296 3288 455 3368 Apollon.
479 3287 589 3351 Rhod.
614 3289 657 3351 L.
679 3289 726 3352 II.
750 3310 784 3351 v.
808 3290 861 3351 67.
914 3289 967 3351 Ex
990 3288 1040 3352 his
1063 3288 1196 3374 intelligi
1218 3291 1312 3373 laeile
1411 3286 1415 3291 ’

27 3382 116 3451 ΡΜ,
145 3383 311 3465 qtiomodo
335 3380 496 3446 Carneadi
518 3378 550 3442 in
573 3384 708 3444 mentem
731 3383 872 3457 venerit,
901 3395 935 3445 ut
951 3382 1027 3447 huie
1051 3388 1202 3471 προβολῇ
1222 3400 1312 3449 nom-

27 3478 120 3540 l'ml'tl
136 3476 256 3555 ἐποχὴν
276 3496 383 3551 sitam,
407 3474 633 3540 retentionem
654 3498 831 3540 manneus.
875 3474 961 3539 Eun.
1338 3483 1340 3487 ’

85 3564 285 3655 nouum,
298 3568 533 3652 prodromus,
554 3591 778 3654 praecursor.
825 3558 938 3645 „Mihi
957 3558 1147 3659 Pompeiani
1169 3572 1311 3661 πρόδρο-

35 3675 68 3803 εἴ
89 3654 212 3726 nuntiant
238 3674 354 3746 aperte
380 3660 573 3745 Pompeium
601 3675 743 3727 arturum
777 3652 938 3749 Antonio'
954 3664 1081 3729 succedi
1109 3680 1273 3748 oportere.
1289 3672 1310 3698 ’'

72 3750 169 3820 tut.
192 3759 258 3834 12,
286 3760 318 3821 1.

89 3844 297 3935 Προηγμενον,
314 3852 545 3935 productum,
560 3863 776 3939 promotum,
795 3852 1053 3935 praepositum,
1066 3854 1308 3939 praecipuum.

43 3928 151 4025 „litque
171 3947 248 4010 hine
269 3966 339 4010 esse
361 3944 438 4010 tuus
464 3956 627 4024 exortum,
657 3950 744 4031 qiiod
766 3947 857 4010 Zeno
879 3960 1100 4036 uponypunov,
1131 3959 1309 4036 contraque

40 4028 368 4125 utt'tmpoqypsm
392 4040 588 4115 nominavit,
613 4064 682 4104 eum
707 4053 851 4104 uteretur
869 4041 901 4103 iu
925 4041 1032 4127 lingna
1056 4038 1188 4124 eopIosa
1213 4045 1308 4108 saetis

35 4126 292 4199 t'lttaomiuihns
311 4152 351 4198 'ac
373 4136 479 4201 noris.
515 4172 557 4183 —
579 4168 620 4179 -
641 4171 683 4183 —
709 4134 754 4201 Ut
771 4132 872 4211 enim,
898 4135 1027 4220 iuquit,
1063 4158 1156 4225 uerno
1179 4137 1254 4202 dicit
1275 4139 1308 4203 in
1377 4199 1385 4207 .
1490 4196 1493 4205 ,

28 4216 92 4299 “35²
112 4244 212 4312 regem
242 4228 348 4312 ipsum
377 4231 467 4315 qnasi
488 4230 698 4314 productum
723 4252 791 4293 esse
814 4232 854 4293 ad
875 4231 1059 4315 dignitatem
1083 4228 1240 4309 (id'enim
1259 4246 1308 4297 est

27 4327 222 4412 Itttyutros),
254 4326 312 4388 aed
338 4346 412 4403 eos,
446 4324 555 4410 quiin
581 4322 689 4408 aliquo
712 4326 836 4388 honore
854 4324 933 4415 sint,
964 4346 1103 4411 quorum
1125 4329 1208 4391 ordo
1230 4349 1309 4411 pro-

24 4420 83 4469 ¹¹⁸⁸
100 4420 225 4494 tteedit,
250 4431 285 4483 nt
312 4422 471 4483 secundus
492 4419 532 4482 sit
558 4421 597 4482 ad
623 4417 1002 4504 regium'priucipatruu:
1031 4419 1078 4483 sie
1098 4418 1132 4482 in
1154 4418 1220 4482 vita
1243 4441 1308 4485 nou

26 4514 64 4572 Η,
81 4524 149 4589 qtae
168 4512 322 4595 primario
343 4513 419 4578 loco
442 4512 533 4591 sunt,
557 4516 612 4577 sed
634 4534 691 4597 ea,
715 4534 797 4597 quae
819 4513 991 4574 seeundum
1013 4513 1118 4577 locuni
1143 4513 1305 4590 obtinent,

26 4613 190 4696 Iturium,
216 4606 247 4671 it
276 4620 342 4687 est,
371 4608 544 4692 producta
571 4608 787 4670 nominentur.
839 4605 932 4686 Quae
960 4605 1081 4669 velita
1112 4608 1307 4701 appellemus
1361 4684 1366 4691 ι

27 4688 129 4758 tuerit
145 4704 274 4766 verbnm
296 4724 315 4767 e
338 4704 454 4783 verbo)
478 4700 530 4766 vel
547 4712 713 4787 promota
733 4701 806 4777 vel,
834 4711 871 4763 ut
893 4699 1009 4781 dudmn
1031 4698 1183 4778 diximus,
1202 4723 1308 4785 prue-

26 4783 115 4856 P⁰⁸lta
132 4794 178 4856 vel
196 4797 404 4881 praecipua,
428 4807 460 4859 et
482 4797 534 4859 illa
549 4796 689 4859 reiecto.
723 4796 773 4859 Re
795 4792 876 4856 enim
898 4792 1057 4856 intellecta
1078 4794 1307 4858 in'verhorum

31 4879 182 4952 ustneuu
202 4910 269 4955 ease
291 4891 485 4957 dehemus.''
529 4892 568 4955 de
591 4890 687 4954 Fiun.
709 4889 779 4953 III.
804 4888 862 4964 ts,
888 4887 1162 4965 51.1o,52.-
1190 4886 1306 4965 ,Ista,
