3490 5586
548 392 553 399 ·
625 370 776 453 truta
794 316 979 454 ereum
1062 389 1067 395 ·
1401 378 1479 451 an«

137 525 302 606 instituit,
330 526 384 595 sed
410 538 488 595 'eum
513 526 547 593 in
572 540 759 605 testamento
781 529 929 614 rogavit,
952 538 988 591 ut
1009 526 1214 593 hereditatem
1237 524 1355 594 Fadiae
1375 528 1464 595 tiliae

138 627 401 691 snae=reddereh
444 623 572 689 Dedin.
595 625 644 688 ll.
670 628 725 700 17,
750 626 807 688 55:
832 623 1004 704 „Memini
1026 622 1221 689 mccdesse
1245 624 1284 688 Ρ.
1300 624 1464 687 -Sextilio

141 717 260 810 Rufo,
296 740 374 781 cum
401 718 433 781 is
458 710 506 781 bd
526 717 657 782 amicos
685 742 757 782 rem
787 719 838 781 ito
867 714 1039 808 defirret,
1075 739 1111 791 se
1138 739 1211 797 esse
1238 719 1397 783 heredem
1419 723 1463 803 Q.

100 853 119 875 1
143 814 249 879 Fadio
269 814 387 877 Gallo:
408 812 508 875 cuius
525 813 562 875 in
577 824 779 877 testamento
794 813 960 894 scriptum
982 822 1088 888 esset,
1112 832 1148 874 se
1169 811 1212 874 ab
1230 834 1271 876 eo
1285 826 1465 899 rogatum,¹

141 919 183 970 ret
201 905 313 970 omnis
333 906 506 973 hereditas
527 907 574 969 ad
588 905 711 985 fliium
735 906 940 990 perueniret.
985 905 1028 970 Id
1052 904 1221 969 Sextilius
1233 903 1383 997 facturn
1407 929 1466 971 ne·

141 1001 258 1085 gabat.
302 1002 451 1066 'Poterat
479 1012 595 1065 autern
622 1001 771 1083 impune.
819 999 905 1083 Quis
937 999 1029 1063 enim
1060 999 1319 1089 redargueret?¹
1351 1003 1466 1068 Nemo

141 1106 301 1159 nostrum
319 1095 495 1168 credebat‚·
525 1105 668 1178 eratque
687 1094 759 1158 veri
781 1093 929 1156 similius
951 1094 1038 1155 hunc
1062 1093 1216 1168 mentiri,
1240 1095 1337 1157 cuius
1358 1095 1464 1159 inter-

139 1200 249 1262 esset,
264 1206 386 1274 ‘quom
412 1191 526 1265 ilium,
558 1190 618 1273 qui
635 1188 682 1251 td
699 1208 905 1270 -se‘rogasse
932 1186 1146 1269 scripsisset,
1176 1188 1269 1270 quod
1296 1188 1472 1281 debuisset,
1508 1272 1513 1275 ψ

141 1304 282 1366 rogare.
327 1283 480 1349 Addebat
507 1283 612 1346 etiam
636 1304 673 1345 se
707 1281 744 1344 in
780 1282 891 1365 legem
918 1281 1136 1346 voconiom
1164 1282 1319 1346 iuratum
1345 1297 1468 1348 contra

139 1397 219 1439 eam
228 1374 371 1467 sacerc-
390 1398 459 1440 non
486 1377 632 1451 cudere,
668 1376 739 1438 nisi
762 1375 865 1437 aliter
889 1372 1012 1439 amicis
1039 1373 1225 1437 uideretur.
1269 1375 1467 1443 Aderamus

140 1490 205 1534 noc
227 1469 363 1554 quidem
383 1471 632 1545 adolescentes,
656 1468 717 1532 sed
737 1468 842 1533 etiam
864 1468 963 1533 multi
984 1467 1190 1550 amplissimi
1214 1468 1299 1531 viri:
1318 1491 1467 1554 quorum

139 1583 243 1627 nemo
263 1564 396 1626 censuit
414 1566 495 1647 pius
519 1563 646 1628 Fadiae
671 1564 823 1625 dandum
849 1582 952 1647 quom
975 1572 1094 1644 posset
1124 1562 1172 1624 ad
1199 1583 1275 1625 eam
1300 1566 1375 1649 iege
1393 1588 1467 1630 oo·
1505 1601 1512 1621 ι

139 1656 269 1721 conia
284 1658 477 1739 pervenire.
522 1658 630 1742 Atque
652 1656 753 1724 Gaius
770 1654 899 1741 ¹(atridem
922 1655 971 1719 lt.
988 1661 1026 1732 ·§.
1051 1655 1124 1717 tu.
1148 1655 1210 1719 ait:
1233 1657 1313 1721 item
1332 1661 1466 1739 mulier,
1527 1714 1531 1723 .

138 1771 231 1835 quac
257 1751 302 1814 ab
318 1773 385 1827 eo,
415 1753 474 1836 qui
499 1746 633 1815 renium
659 1750 757 1814 ‘mitia
776 1749 869 1827 aeris
895 1771 1017 1814 census
1048 1762 1120 1838 est,
1133 1772 1211 1833 ¹per·
1232 1754 1344 1835 legem
1368 1775 1467 1819 voco‘-
1498 1816 1503 1821 .

140 1843 237 1906 ruam
265 1846 365 1909 heres
383 1845 607 1927 instituissem
627 1856 759 1929 potest,
789 1857 903 1908 tamen
918 1843 1197 1922 fideicommisso
1224 1846 1381 1911 relictam
1401 1848 1467 1912 sibi
1501 1890 1504 1895 -

141 1937 367 2002 hereditatem
398 1960 520 2023 capere
544 1950 670 2021 potest.
715 1940 778 2002 Sed
803 1938 1044 2003 fideicommissa
1066 1950 1139 2001 ante
1164 1939 1304 2024 Augusti
1334 1955 1466 2007 aetatem
1506 1994 1510 2003 ,

142 2051 253 2112 parum
275 2033 440 2109 retebant,
464 2053 642 2117 quanquam
662 2032 717 2118 qui
738 2030 863 2097 honesti
885 2042 991 2096 essent
1010 2043 1042 2096 et
1062 2032 1238 2114 probisse
1256 2034 1350 2099 iidem
1372 2057 1467 2119 prae-

145 2124 261 2188 stitisse
284 2124 402 2191 Cicero
430 2140 461 2190 et
484 2128 547 2191 hoe
569 2128 643 2191 loco
670 2125 745 2190 dicit
771 2137 803 2189 et
829 2139 940 2208 postea
962 2147 1022 2191 suo
1051 2127 1199 2210 exemplo
1229 2130 1465 2212 comprobarit,

145 2238 217 2280 casm
241 2219 394 2284 Pubiilius
417 2243 488 2284 eum
515 2223 663 2284 heredem
689 2218 819 2284 iecisset
842 2233 873 2283 et
898 2231 1064 2305 rogasset,
1095 2234 1129 2285 ut
1151 2224 1355 2287 hereditatem
1383 2223 1466 2287 filiae

146 2311 343 2377 restitueret:
369 2336 401 2379 r.
425 2316 484 2379 Fr.
507 2313 645 2378 Fabricii
666 2315 782 2377 histor.
806 2311 879 2379 Cic.
902 2336 932 2396 p.
957 2314 998 2377 90
1019 2337 1069 2398 sq.
1093 2318 1157 2393 (ed.
1173 2316 1301 2395 Orell.).
1330 2317 1372 2380 Ρ.
1390 2316 1466 2380 Ser·

143 2405 240 2469 vilius
263 2407 362 2494 igitur
381 2429 418 2473 ae
441 2422 472 2472 et
494 2430 512 2471 a
535 2409 578 2488 Q.
600 2407 701 2472 Fadio
724 2418 872 2491 rogatum
901 2428 971 2470 esse
996 2409 1126 2491 negavit
1148 2420 1179 2471 et
1203 2409 1360 2493 religione
1384 2407 1466 2493 legis

142 2502 301 2566 roeorite
324 2504 426 2567 teneri
448 2503 545 2577 dixit,
571 2523 609 2565 nc
633 2501 835 2563 hereditatem
857 2499 1054 2564 titiaeit'adii
1073 2503 1240 2576 redderet,
1264 2525 1336 2566 curn
1355 2523 1391 2566 ee
1413 2503 1467 2566 lex

142 2594 306 2659 mutierem
335 2598 482 2660 heredem
509 2597 583 2659 tisri
612 2616 675 2659 non
703 2595 832 2658 sineret.
884 2593 989 2657 Etiam
1013 2594 1106 2658 amici
1127 2595 1254 2659 Servilii
1274 2596 1464 2672 iudicarunt,

140 2688 260 2752 Fadiae
282 2712 345 2755 eon
366 2693 436 2775 ptus
458 2693 591 2754 dandum
615 2711 701 2765 esse,
728 2710 820 2774 quem
844 2691 884 2751 ad
905 2708 973 2751 esni
994 2710 1052 2771 per
1074 2689 1177 2773 legem
1199 2690 1368 2753 voconiam
1390 2711 1466 2772 per·

140 2782 252 2845 venire
276 2795 403 2866 posset,
438 2787 501 2850 hoc
528 2796 594 2861 est,
631 2803 694 2848 non
722 2783 794 2865 pirre
822 2804 914 2868 quam
939 2782 1095 2847 dimidiam
1120 2794 1241 2867 partem
1266 2782 1465 2861 hereditatis.

140 2875 259 2941 Utrum
282 2878 439 2942 Servilius
453 2880 539 2947 ‘hene
558 2878 734 2942 amicorum
756 2876 940 2947 sententiam
964 2888 1091 2941 secutus
1113 2876 1268 2940 dimidiam
1292 2888 1413 2959 partem
1435 2876 1465 2940 ei

140 2973 402 3037 concesseritis
428 2972 635 3037 hereditatem
657 2983 755 3035 totam
778 2973 846 3053 ipse
869 2971 1008 3053 ceperit,
1040 2994 1110 3035 cum
1139 2972 1257 3036 Fadius
1280 2970 1365 3033 filiae
1389 2968 1467 3034 nihii

140 3064 298 3150 legasset,
322 3067 475 3130 incertum
496 3078 560 3142 est,
585 3068 640 3130 sed
656 3064 824 3130 Ciceronis
845 3067 962 3129 verba:
985 3067 1095 3129 tenuit
1106 3086 1337 3149 permagnam
1350 3063 1466 3129 Sexti-

142 3159 455 3224 iiushereditatem
476 3161 611 3238 sariunt,
643 3172 676 3221 nt
700 3161 763 3224 hoc
783 3159 942 3241 posterius
965 3159 1166 3223 verisimilius
1188 3180 1258 3223 esse
1280 3170 1401 3242 putem.
1421 3199 1424 3205 .

204 3292 209 3301 ·
228 3253 303 3319 Atia
325 3256 427 3341 legem
448 3255 574 3319 ludendi
593 3254 676 3319 ratio
698 3255 776 3317 haee
789 3254 861 3316 init.
907 3252 990 3319 Cum
1012 3254 1044 3317 in
1065 3274 1109 3317 ear
1122 3274 1187 3318 non
1207 3254 1360 3337 scriptum
1383 3264 1467 3319 esset

140 3347 206 3434 qui
229 3360 364 3415 centurn
392 3343 488 3413 milia
514 3350 608 3415 neria
628 3349 745 3423 habet,
778 3350 834 3411 sed
862 3348 922 3433 qui
947 3360 1082 3411 centum
1110 3348 1206 3412 milio
1230 3348 1324 3412 aeris
1345 3368 1467 3411 census

142 3454 215 3520 eat,
238 3464 337 3520 eum,
360 3443 415 3528 qrri
441 3444 595 3527 proximis
622 3442 809 3507 censoribus
835 3441 1049 3531 qrralieunque
1073 3444 1112 3504 de
1137 3463 1382 3507 cartennensem
1402 3464 1467 3507 ιιοιι

143 3536 310 3620 protessus
332 3548 432 3612 esset,
461 3538 514 3623 qrri
536 3548 612 3619 post
633 3557 690 3601 eos
712 3556 863 3598 censores
885 3556 997 3599 census
1020 3556 1085 3600 non
1104 3546 1206 3612 esset,
1236 3536 1309 3620 lege
1330 3534 1467 3599 voconia

143 3651 209 3695 non
233 3630 334 3694 teneri
359 3632 522 3704 dicebant,
556 3632 598 3695 itn
624 3642 658 3693 ιιι
681 3629 709 3697 ei
735 3630 846 3693 liceret
873 3640 905 3691 et
928 3629 1091 3692 mutierem
1120 3630 1268 3693 heredem
1297 3628 1406 3694 iacere
1434 3642 1467 3693 et

142 3735 295 3809 quantum
327 3726 423 3789 veltet
448 3727 571 3811 legare.
624 3723 705 3790 Cum
735 3743 815 3786 vero
848 3733 923 3805 post
956 3745 987 3786 a.
1019 3745 1060 3791 ιι..
1086 3743 1116 3786 c.
1147 3724 1222 3787 set.
1273 3723 1467 3791 Macedonia
1498 3798 1501 3805 ‚

141 3820 274 3883 subacta
298 3819 450 3883 tributum
478 3823 619 3903 pendere
646 3818 735 3881 cives
757 3816 897 3881 Romani
919 3816 1091 3892 desissent,
1126 3816 1218 3880 etiam
1251 3837 1365 3881 census
1391 3828 1467 3901 post

141 3930 348 3977 samareum
372 3934 443 3978 non
457 3915 565 3978 eadem
587 3910 752 3998 diligentia
765 3923 805 3993 <et
827 3909 998 3974 severitate
1019 3910 1147 3974 videtur
1165 3922 1294 3974 exactus
1311 3932 1398 3986 esse,
1421 3911 1466 3975 ita

140 4015 179 4069 ιιι
206 4008 291 4070 haud
318 4007 411 4091 panci
436 4019 555 4085 essent,
589 4006 644 4092 qrri
673 4025 740 4068 eam
770 4002 987 4086 exceptionem
1016 4003 1227 4086 praeferrent.
1269 4004 1417 4079 Verrin.·
1434 4004 1464 4069 l.
1568 4012 1579 4025 '

140 4100 209 4176 at,
230 4101 308 4164 eor:
350 4103 390 4167 0.
405 4103 548 4168 'Annius
572 4102 711 4166 Asellus
731 4102 888 4163 mortuus
913 4110 989 4173 est,
1013 4101 1053 4163 C.
1083 4097 1267 4164 Sacerdote
1287 4109 1465 4182 praetores

139 4198 275 4262 heum
294 4194 430 4260 haberet
448 4195 585 4260 unicam
596 4193 720 4272 fitium
737 4213 843 4277 neptae
864 4212 986 4255 cenatas
1007 4204 1114 4268 esset,
1137 4191 1233 4277 quod
1245 4203 1374 4256 natura
1387 4195 1467 4258 hor·

139 4290 298 4367 sctum,
321 4293 381 4354 tce
402 4291 500 4354 nullo
518 4289 737 4374 prohibebat,
750 4285 878 4379 fecit,
890 4298 929 4350 ut
941 4286 1066 4365 filiam
1088 4287 1185 4377 bonis
1211 4287 1286 4351 suis
1308 4288 1467 4352 heredem

138 4383 349 4449 instttumt.
389 4388 501 4450 Heres
522 4395 598 4448 erat
622 4382 710 4450 tilia.
753 4381 933 4446 Fmiebcnt
953 4380 1071 4475 omnia
1092 4403 1171 4444 curn
1192 4381 1345 4465 pupilla,
1379 4382 1467 4466 tegis

138 4479 315 4564 aequitas,
338 4481 496 4543 voluntas
514 4477 644 4562 putris,
669 4476 782 4540 edicta
796 4483 1028 4558 praetorum,
1041 4474 1251 4540 consuetudo
1268 4476 1356 4540 iuris
1377 4476 1464 4551 eius,

138 4572 236 4659 quod
251 4583 330 4637 erat
349 4584 438 4651 uem,
460 4595 537 4636 curn
558 4573 695 4637 Asellus
715 4580 767 4633 est
791 4579 958 4634 mortuus.
1002 4568 1323 4634 PserrdossAsconius
1338 4570 1425 4633 adh.
1441 4569 1465 4632 t.

139 4689 176 4750 p.
202 4667 276 4731 t88'.
299 4667 364 4747 (ed.
387 4666 488 4745 Brit.)
510 4669 587 4729 haee
607 4662 754 4746 seriptit:
791 4682 922 4747 neque
943 4683 1090 4727 census
1111 4662 1237 4746 esset]
1259 4682 1367 4747 neque
1390 4683 1467 4725 cen-

139 4771 217 4824 turn
235 4760 334 4824 mitio
353 4760 551 4824 sestertium
573 4758 778 4842 possideret.
822 4759 928 4822 More
944 4769 1095 4821 ueterum
1113 4757 1233 4821 censi
1253 4757 1464 4831 dicebantur,

140 4854 202 4942 qui
229 4868 366 4921 centum
393 4853 491 4919 mitio
509 4851 741 4945 professione·
755 4851 982 4915 detrdissent.
1010 4851 1221 4917 Huiusmodi
1243 4840 1332 4915 adso
1340 4847 1468 4942 sacul-
