3220 5572
303 382 365 446 ιιι
787 380 938 447 INDEX
959 380 1137 448 LEGUM.

285 533 333 615 *et
354 520 498 587 indicatis
520 520 677 607 singulor.
699 518 819 607 fragm.
842 519 996 586 lontdrus.
1041 518 1299 588 Praelectionum
1321 518 1352 585 in
1367 525 1506 593 usuned.
1521 522 1578 589 car.

301 618 386 681 zen.
409 618 441 683 d.
475 617 745 721 reiburgtlstd.

560 807 669 870 Ferre
691 807 733 871 de
749 804 937 892 plagiariis
958 808 1042 895 (napi
1066 799 1360 892 ἀνδραποδιστῶν).

387 947 467 1021 ,Αιι
488 949 526 1011 de
548 946 651 1012 servis
673 946 781 1011 alienis
806 959 918 1012 contra
941 947 1046 1032 legem
1068 944 1208 1010 Fabium
1232 943 1382 1021 retentis,
1412 957 1460 1008 sut
1477 949 1510 1010 de
1527 946 1580 1009 eiri-

302 1042 361 1105 bus
378 1041 531 1108 Romanis
547 1053 665 1127 contra·
675 1041 777 1126 legem
795 1041 945 1106 Porciam
962 1041 1142 1104 verberatis
1157 1051 1210 1102 aut
1226 1040 1360 1116 necatis,
1384 1039 1471 1121 plura
1486 1040 1579 1103 dicende

303 1148 391 1212 svrnt,
417 1159 487 1200 cum
511 1148 598 1200 tanto
621 1135 726 1201 studio
749 1135 791 1203 C·
814 1135 965 1201 Rabirius
987 1136 1086 1200 totius
1105 1133 1260 1217 Apuliae,
1284 1133 1436 1220 singulari
1455 1134 1580 1197 voluntate

302 1229 496 1313 Campaniae
521 1229 686 1294 vicinitatis
709 1229 892 1295 ornetur?”
924 1250 985 1311 pro
1008 1230 1051 1294 C.
1074 1227 1209 1293 Rabirio
1232 1228 1270 1304 3,
1295 1229 1329 1292 8.

389 1326 506 1408 „Lege
526 1367 534 1386 .
561 1367 570 1387 .
593 1323 698 1388 Fabio
716 1335 857 1401 tenetur,
881 1323 936 1407 qui
954 1323 1054 1386 civem
1076 1323 1254 1387 Romanurn
1275 1322 1484 1406 eundemque,
1505 1319 1581 1403 quiin

300 1418 392 1484 ltalia
411 1418 562 1481 liberatus
578 1417 636 1492 sit,
661 1418 831 1494 celaverit,
857 1415 1009 1496 vinxerit,
1033 1412 1237 1501 vinctumque
1252 1413 1413 1490 habuerit,
1435 1414 1580 1490 vendiderit,

304 1511 470 1577 emerit..
512 1511 662 1575 Eiusdem
689 1511 771 1595 legis
799 1510 904 1593 capite
932 1511 980 1575 ΙΙ.
1009 1521 1152 1587 tenetur,
1188 1510 1243 1594 qui
1266 1554 1276 1573 .
1301 1553 1311 1573 .
1335 1510 1469 1573 alienum
1492 1530 1581 1572 servuu

301 1607 403 1672 invito
436 1604 565 1671 domino
595 1606 765 1682 celaverit,
800 1603 997 1679 vendiderit,
1032 1604 1142 1668 emerit
1170 1604 1248 1668 dolo
1279 1602 1399 1668 rnalo.‘'
1441 1601 1584 1685 Ulpiani

303 1699 392 1767 Coll.
416 1700 516 1764 XIV.
542 1701 574 1764 d.
598 1735 638 1749 -
663 1702 748 1781 „Est
765 1711 795 1762 et
810 1700 891 1763 inter
908 1698 1036 1782 publica
1052 1699 1163 1762 iudicis
1181 1699 1234 1761 lex
1254 1697 1358 1763 Fabio
1375 1698 1417 1762 de
1431 1696 1583 1783 plagiarii,

302 1816 383 1881 quae
405 1794 560 1857 interdum
585 1792 694 1876 capitis
717 1814 852 1877 poenam
876 1814 916 1855 ex
940 1791 1038 1855 sacris
1060 1792 1339 1857 constitutionibus
1364 1791 1501 1877 irrogst,
1520 1794 1585 1853 inter·

301 1892 374 1953 dnm
397 1887 585 1965 leviorem!
630 1887 742 1952 lustin.
765 1887 922 1951 Institutt.
946 1886 1012 1951 lv.
1037 1887 1096 1962 18,
1121 1888 1174 1949 10.

387 1980 489 2046 Cous.
514 1966 646 2046 Parrllus
668 1983 758 2045 Seut.
783 1982 865 2045 Rcc.
889 1983 935 2044 V.
960 1981 1018 2057 3⁰,
1043 1981 1075 2044 d.
1121 1979 1263 2045 Grsvina
1286 1979 1384 2063 Orig.
1406 1980 1473 2045 Iur.
1490 2001 1520 2062 p.
1538 1974 1584 2039 ut.

302 2076 388 2140 Ειιιιι.
432 2074 483 2137 De
513 2087 647 2139 auctore
675 2075 756 2159 legis
782 2086 814 2136 et
846 2087 992 2156 tempore
1021 2075 1107 2137 haurd
1132 2086 1270 2138 constat.
1315 2075 1398 2138 Sunt
1425 2074 1478 2160 qui
1504 2085 1586 2134 tenos

301 2190 369 2233 esm
396 2169 496 2233 ‚latam
525 2181 636 2252 putant
664 2190 696 2234 a.
727 2190 760 2233 ιι.
788 2170 863 2232 570.
893 2189 910 2231 n
941 2168 986 2249 Q.
1015 2168 1119 2233 ratio
1147 2169 1303 2233 Labeone
1335 2179 1368 2232 et
1401 2170 1454 2233 Μ.
1487 2160 1584 2231 Claudio

302 2263 463 2327 Marcello
485 2283 570 2351 coss.

678 2450 786 2516 Fessa
809 2452 851 2515 ele
872 2472 1017 2516 numero
1038 2461 1260 2519 sectatorum.

389 2591 500 2675 ,Quid
517 2613 599 2677 opus
618 2603 683 2669 cst,
707 2591 828 2677 inqrrit,
852 2590 1090 2681 sectatoribus?
1112 2627 1151 2643 -
1174 2593 1206 2657 A
1225 2614 1274 2656 me
1288 2602 1322 2656 ιιι
1338 2590 1368 2655 id
1385 2591 1519 2677 quaeris.
1537 2581 1586 2670 quil

278 2710 383 2769 *opus
406 2688 447 2751 sit
472 2709 529 2762 eo,
554 2708 619 2773 quo
644 2708 769 2770 semper
797 2687 846 2751 usi
869 2686 998 2751 sumus?
1028 2687 1186 2751 Homines
1207 2690 1316 2750 tenues
1341 2707 1438 2749 ιιιιιιιιι
1459 2678 1585 2748 habentis

302 2793 446 2846 nostrum
469 2780 611 2845 ordinem
633 2792 688 2844 avit
706 2782 911 2864 promerendi
931 2792 985 2845 sut
1003 2779 1165 2845 referendi
1185 2778 1330 2845 beneficii
1345 2779 1470 2855 locum,
1491 2770 1585 2839 bnnc'u

301 2875 421 2939 nostris
450 2875 656 2957 petitionibus
689 2894 821 2957 operam
857 2886 953 2960 etque
989 2875 1240 2940 assectationem.
1295 2875 1412 2958 Neque
1444 2871 1518 2935 eninr
1543 2856 1586 2927 fieti

302 2981 411 3053 potest
439 2988 541 3053 neque
566 2968 789 3050 postulandum
821 2980 868 3033 est
897 2969 1028 3034 anobis
1058 2980 1111 3033 aut
1137 2971 1177 3034 ab
1204 2967 1362 3052 equitibus
1389 2962 1546 3034 Romanis,
1565 2960 1595 3029 d}

302 3082 379 3128 suos
405 3061 602 3125 necessarios
630 3064 812 3128 candidatos
842 3074 1005 3127 sectentur
1031 3075 1120 3128 totos
1151 3061 1249 3126 dies:-
1272 3082 1290 3124 s
1317 3061 1436 3147 quibus
1460 3058 1486 3124 si
1511 3058 1586 3119 tons

302 3169 412 3221 nostra
438 3156 637 3233 celebretur,
672 3158 699 3220 si
718 3157 875 3221 interdurn
901 3160 941 3221 sd
966 3157 1073 3221 fortun
1098 3156 1298 3235 deducimur,
1333 3155 1362 3220 si
1390 3176 1454 3219 uno
1477 3147 1588 3216 basilia

302 3250 407 3333 spatio
431 3251 652 3328 honestamur,
678 3251 845 3337 diligenter
866 3250 1035 3317 observari
1059 3251 1203 3314 videmur
1225 3262 1256 3314 et
1279 3248 1362 3314 coli:
1395 3246 1556 3312 tenuiorum

302 3362 368 3408 non
391 3355 619 3427 oecrvpstnrum
643 3346 816 3412 amicorum
839 3357 887 3413 est
907 3346 965 3409 ists
990 3344 1172 3422 assiduitas,
1204 3364 1339 3430 qnorum
1361 3342 1458 3427 copia
1479 3306 1588 3404 tonui

301 3438 454 3502 beneficis
483 3440 592 3502 deesse
619 3460 683 3503 non
710 3441 806 3505 solet.
859 3440 938 3505 Noli
962 3439 1061 3524 igitur
1087 3439 1212 3523 eripere
1234 3441 1318 3502 brino
1345 3435 1489 3502 inferiori
1511 3416 1587 3519 gelli

302 3533 465 3597 hominum
487 3532 626 3596 berctum
651 3533 765 3611 officii,
790 3533 876 3600 Crto
885 3526 900 3598 ι’
930 3535 998 3598 sine
1022 3554 1097 3610 eos,
1121 3533 1176 3618 qui
1198 3535 1302 3599 omnin
1324 3555 1343 3596 a
1365 3531 1457 3597 nobis
1481 3524 1586 3611 sperat

302 3628 423 3690 habers
452 3626 542 3710 ipses
571 3648 703 3713 qnoque
728 3628 863 3711 aliquid,
899 3630 987 3715 quod
1012 3626 1105 3692 nobis
1133 3627 1276 3697 tribuere
1300 3626 1436 3709 possint.
1486 3621 1517 3688 si
1540 3604 1588 3681 πῃ

302 3720 364 3786 erit
389 3733 520 3804 practer
542 3720 685 3806 ipsorum
712 3723 915 3810 suffragium,
941 3736 1035 3788 tenue
1057 3734 1126 3789 est:
1158 3722 1204 3799 si,
1227 3732 1262 3786 ut
1287 3722 1515 3806 suffragentur,
1540 3698 1588 3775 till

303 3816 409 3879 valent
432 3814 549 3902 gratis.
593 3815 662 3899 lpsi
687 3816 841 3902 denique,
876 3830 911 3881 ut
936 3818 1040 3883 solent
1068 3815 1174 3903 loqui,
1210 3836 1274 3880 non
1299 3815 1405 3878 dicere
1431 3834 1492 3896 pro
1513 3800 1588 3907 nol'dp

300 3930 365 3974 non
386 3910 567 3994 spondere,
592 3930 656 3975 non
680 3932 797 3997 vocare
819 3914 948 3977 domum
966 3934 1054 3978 suam
1076 3920 1230 3997 possunt:
1263 3920 1359 3995 atquc
1386 3909 1466 3971 haec
1488 3927 1505 3969 a
1526 3900 1588 4001 sold

299 4016 414 4087 petum
440 4003 564 4081 omnis,
601 4022 705 4091 neque
731 4007 793 4070 ulla
820 4028 856 4070 rc
884 4006 963 4084 alis,
993 4028 1076 4093 quac
1102 4026 1120 4069 a
1150 4005 1244 4071 nobis
1274 4013 1525 4087 consequuntur,
1551 3980 1589 4054 ld

302 4114 402 4180 opera
428 4120 484 4162 sun
505 4099 708 4182 compensari
734 4112 845 4183 putant
866 4123 976 4185 posse.
1020 4102 1134 4186 Itaque
1159 4110 1192 4163 et
1214 4097 1278 4185 legi
1300 4095 1442 4173 Fabiae,
1475 4111 1544 4179 quit
1559 4088 1589 4147 td

301 4191 343 4255 de
371 4213 516 4259 numero
547 4204 777 4271 sectatorum,
811 4205 843 4258 et
869 4185 1192 4271 senatusconsulto,
1224 4194 1312 4279 quod
1340 4202 1390 4255 est
1414 4193 1457 4255 L.
1484 4184 1593 4271 caeam

302 4286 433 4349 consule
454 4287 591 4366 lactum,
613 4288 811 4353 restiterunt.
856 4291 953 4354 Nulla
972 4301 1020 4359 est
1037 4288 1119 4353 enim
1142 4308 1264 4372 poene,
1287 4305 1371 4374 qrrne
1391 4281 1491 4368 possit
1507 4279 1589 4344 obst*

302 4379 441 4442 rsntiam
467 4382 648 4446 tenuiorum
674 4383 714 4446 nb
736 4384 801 4448 hoc
826 4396 936 4449 vetere
958 4382 1102 4449 instituto
1129 4380 1307 4449 officiorum
1331 4371 1526 4446 excludere.’'
1547 4344 1593 4451 prr*

302 4472 440 4537 Murena
463 4476 521 4553 34,
546 4479 696 4541 to-tt.

389 4571 584 4634 Sectntorea
605 4569 661 4657 qui
682 4571 845 4650 dicautur,
880 4574 946 4636 vid.
975 4594 1029 4657 ap.
1059 4571 1212 4655 Quintum
1234 4571 1384 4637 Fratrem
1409 4571 1448 4632 de
1471 4556 1589 4649 ,suum

303 4662 485 4726 consolatos
508 4664 551 4744 [c.
568 4664 633 4746 9.],
658 4666 713 4730 ubi
735 4668 774 4730 sb
794 4658 1043 4731 salutatoribus
1064 4677 1097 4731 et
1119 4666 1361 4731 deductoribus
1374 4662 1588 4751 distinguuntur·

303 4752 347 4820 Ei
366 4753 434 4829 rei,
458 4759 606 4840 qnoniam
630 4762 671 4823 nd
693 4760 842 4824 ambitum
865 4759 1026 4843 pertinere
1052 4760 1232 4840 videbatur,
1263 4762 1389 4827 modum
1414 4768 1540 4823 sternere
1556 4758 1593 4845 ιιι

303 4868 371 4913 sum
395 4859 444 4914 est
464 4851 568 4917 ratio
589 4852 682 4918 huius
703 4852 783 4941 legis
806 4852 915 4920 latori.
949 4855 1033 4923 Ean.
1084 4892 1100 4921 l

668 5050 673 5089 l
