3214 5586
283 372 346 438 208
766 366 919 449 INDEX
939 364 1129 437 Lunum:

371 510 521 609 Ceterum
537 521 631 576 munt
647 508 804 587 iot-tasse,
828 512 884 597 qni
904 513 968 577 boe
985 523 1153 595 praeterea
1169 513 1322 598 scriptura
1341 514 1372 578 in
1389 517 1454 604 legs
1470 516 1565 583 Licinia

282 609 381 674 iubae
407 619 536 691 ‘pritent,
560 616 757 670 ess-tantum
785 609 826 669 ab
848 616 1053 671 aestimatore
1080 606 1181 671 tribus
1205 611 1322 673 debere
1347 611 1410 688 edi,
1433 634 1499 697 quas
1516 613 1562 676 ita

283 723 343 767 reo
370 713 540 783 corrtrptas
566 699 804 775 nuntiarem,
837 720 909 762 cutm
932 700 970 764 id
996 701 1182 786 frequenter
1209 701 1330 769 Cicero
1358 706 1506 769 Lateremi
1524 728 1564 769 es·

283 798 435 879 probeet,
458 798 565 880 qirod,
590 814 660 856 cuna
685 814 750 857 non
770 793 905 857 ediderit
927 814 1005 878 qtias
1032 795 1205 881 largitione
1231 808 1400 881 corruptas
1423 798 1564 862 criminatus

284 901 383 965 esset,
400 898 519 953 'contra
535 887 615 972 legis
631 888 817 951 senteutiam
832 886 959 952 iecerit.
1004 889 1165 954 Adserent
1180 891 1226 955 illi
1246 896 1286 955 ad
1301 893 1500 957 stabiliendam
1517 916 1565 957 sen·

196 976 202 1001 '
283 985 414 1061 tentiam
438 1004 527 1047 suani
550 985 610 1047 hos
633 983 745 1046 locos:

220 1158 224 1163 Ι
370 1075 670 1155 c.xv1.§.39.
715 1075 893 1140 babitans
915 1075 1042 1161 igitur,
1067 1079 1323 1168 indices„qrsin
1345 1103 1406 1147 nos
1431 1085 1480 1149 Μ.
1500 1086 1566 1146 Inte

284 1172 398 1237 reneis
421 1169 655 1246 meoiudicio,
679 1190 748 1233 non
768 1169 823 1233 od
843 1171 1107 1237 sententiam
1127 1175 1257 1259 legis,
1280 1177 1393 1241 setosi
1405 1195 1565 1259 nmmrptu

284 1266 439 1351 aliquam
460 1265 501 1328 ds
522 1264 657 1328 civitate
679 1263 873 1347 detegeris?

372 1358 414 1424 C.
436 1358 557 1422 XVII.
580 1365 613 1437 §.
636 1357 690 1420 li.
734 1359 855 1443 Nepete
880 1380 948 1444 ego
981 1380 1072 1425 nnnc
1101 1363 1190 1447 legis
1221 1364 1436 1450 iniquitatem
1465 1387 1565 1452 gnesna

286 1450 506 1545 estfactum
535 1464 634 1516 tunm
660 1472 684 1515 a
710 1448 928 1517 sententia
954 1456 1068 1540 Iegis
1096 1457 1202 1523 doceo
1227 1458 1441 1545 discrepas&
1471 1471 1499 1523 et
1518 1460 1566 1522 its

287 1712 319 1768 in
340 1696 455 1765 duabus
473 1713 590 1761 tantum
609 1704 705 1761 omnis
725 1704 798 1760 haec
821 1703 984 1780 disputatio
1001 1708 1160 1766 uersatur?
1180 1709 1229 1766 bic
1252 1722 1351 1769 antem
1373 1712 1454 1771 locus
1470 1732 1566 1772 nouss-

288 1813 359 1870 ceps
387 1790 451 1848 est?
481 1794 716 1866 permutationes
744 1807 812 1847 non·
829 1789 900 1847 licet
923 1791 977 1846 has
1004 1793 1035 1846 in
1059 1794 1202 1849 utramvis
1229 1806 1348 1870 partem
1372 1799 1499 1856 trabere?
1520 1797 1566 1854 lidi

287 1895 386 1938 tamen
413 1877 512 1933 omnia
535 1874 738 1933 consideranti
759 1893 857 1950 neque
884 1872 1029 1932 dubitatio
1057 1879 1175 1952 ponitus
1204 1882 1350 1956 eripitur,
1381 1902 1471 1960 neque
1491 1884 1567 1942 rodeis

255 1983 261 1998 '
287 1966 352 2024 Eri.
375 1964 557 2029 auctoritas,
580 1980 669 2037 qnam
689 1961 883 2037 praecipuam
901 1961 995 2029 duco,
1018 1961 1194 2045 etaliorum
1213 1966 1329 2023 mendis
1349 1964 1568 2046 angeriprobsbi·

287 2052 346 2109 lius
366 2059 439 2126 puto
459 2065 547 2124 quam
567 2046 671 2102 mium.
711 2046 816 2122 Neque
836 2062 925 2113 vero,
948 2044 1029 2122 quod
1047 2046 1096 2104 laIc
1114 2044 1247 2107 Voltinia
1268 2060 1386 2108 tantum
1404 2052 1568 2110 scTereutiat

288 2134 458 2212 profertur,
480 2132 653 2188 necessario
667 2130 878 2205 consequitur,
900 2132 973 2187 duas
987 2131 1060 2188 alins
1074 2130 1170 2189 tribus
1190 2134 1239 2191 edi
1259 2152 1319 2193 nou
1339 2141 1484 2214 potuisse,
1501 2149 1567 2193 stant

172 2290 177 2295 .
288 2223 398 2279 reiecta
419 2229 481 2274 tres
503 2216 630 2292 deniqne
653 2215 830 2271 iudicarent.
871 2215 925 2273 Set
943 2233 982 2273 ne
1003 2216 1060 2273 alia
1082 2218 1178 2275 maior
1198 2230 1229 2277 et
1246 2225 1444 2296 apertissunsa
1462 2223 1568 2279 exsnnu

288 2304 505 2381 repugnantia,
521 2300 712 2358 statuendam
725 2301 893 2367 omninost‚
908 2313 1134 2361 accussatorem
1146 2304 1243 2379 primo
1261 2305 1413 2376 tribuum,
1428 2326 1493 2386 quas
1503 2304 1566 2363 redet

288 2391 410 2449 nomina
433 2387 499 2464 iege
519 2386 638 2444 Licinia
654 2385 799 2453 edidisse,
822 2406 950 2463 quoru
965 2390 1080 2445 reicere
1097 2406 1188 2446 unasn
1205 2409 1259 2448 reo
1276 2390 1415 2461 licuerit;
1435 2413 1470 2450 ex
1486 2390 1567 2465 reliqua

290 2475 395 2537 deinde
416 2473 500 2532 illum
520 2472 634 2531 indices
653 2472 814 2549 delegisse,
837 2488 965 2548 qnorum
978 2472 1052 2531 reici
1068 2490 1156 2531 nemo
1177 2486 1290 2548 posset.
1330 2476 1489 2554 Postquam
1503 2477 1584 2550 igitur

289 2567 353 2622 sire
377 2559 600 2619 Crustuminum
620 2557 706 2615 malis
724 2558 787 2615 sire
807 2556 953 2613 Maeciam
972 2556 1114 2613 Plancius
1135 2559 1307 2627 amouisset,
1339 2579 1378 2618 ex
1396 2563 1458 2620 alIis
1475 2554 1584 2627 trilmiui

289 2647 403 2705 iudices
423 2641 527 2702 habuit
548 2644 736 2718 repentinos.
783 2640 826 2697 At
848 2642 904 2698 boc
924 2652 1059 2716 apertum
1080 2653 1141 2711 est,
1171 2643 1238 2699 illut
1260 2642 1440 2715 obscurum,
1463 2638 1584 2722 quenula}

289 2731 462 2789 Laterensis
490 2739 603 2785 remam
625 2725 754 2795 tribum,
785 2745 859 2803 quac
883 2746 900 2783 a
928 2726 1051 2784 Plancio
1079 2729 1261 2796 reiceretur,
1290 2730 1450 2810 designare
1470 2722 1584 2806 potueri*

291 2816 403 2874 Eratue
423 2814 486 2889 ipse
508 2813 537 2869 in
556 2831 590 2868 ea
612 2810 715 2868 tribu?
743 2828 781 2866 an
803 2812 937 2867 homiues
959 2808 1084 2868 Plancio
1108 2831 1243 2869 maxume
1270 2814 1407 2873 inimici?
1431 2815 1503 2873 Hace
1517 2816 1568 2867 nm

291 2900 417 2959 reiectio
444 2914 530 2954 reum
555 2897 625 2954 haut
652 2894 846 2952 mediocriter
869 2893 1052 2952 sublevabat.
1093 2894 1208 2954 Tamen
1236 2894 1298 2955 uon
1328 2912 1376 2957 est
1402 2920 1436 2958 eo
1457 2904 1566 2957 contenta

292 2994 413 3051 orator,
434 2994 464 3038 et
482 2979 578 3037 tribus
598 2997 653 3036 reo
670 2979 825 3038 devinctas
847 2978 1068 3037 necessitudine
1091 2983 1173 3039 omni
1192 2980 1325 3059 flagitat,
1351 2985 1496 3063 legemque
1511 2985 1583 3057 ips,

291 3070 458 3133 Liciniam,
483 3068 540 3123 etsi
562 3065 660 3123 rideri
681 3084 741 3122 non
760 3065 840 3132 uolt,
863 3068 1041 3123 auctoritate
1055 3079 1176 3124 senatus
1190 3071 1396 3143 expromenda
1409 3072 1490 3127 tacite
1503 3072 1567 3139 rept⁴
1582 3086 1583 3099 ¹

292 3151 412 3219 Incendit,
440 3167 515 3228 upnae
537 3149 575 3206 ad
597 3149 781 3219 voluntatem
802 3152 911 3206 summi
930 3151 1040 3207 consili
1058 3154 1225 3229 perscripta
1246 3172 1308 3211 non
1330 3164 1429 3221 esset,
1447 3152 1566 3210 seeum

292 3257 358 3297 reta
378 3236 441 3294 salt
459 3237 609 3293 senatoris
628 3236 658 3292 iu
680 3234 791 3307 iudicio
809 3253 972 3310 personam
992 3252 1121 3294 sumere.
1163 3236 1216 3295 Set
1238 3238 1288 3296 lex
1303 3258 1400 3316 sepas
1422 3249 1497 3305 esst;
1512 3224 1563 3293 a*

292 3335 373 3390 tum,
394 3331 508 3397 pestem
524 3322 569 3377 rei
586 3338 617 3395 p.
639 3330 870 3389 taeterrumam,
891 3329 938 3379 tot
954 3319 1034 3397 leges
1058 3341 1201 3380 coercere
1223 3338 1285 3383 aon
1307 3335 1466 3400 poterantt
1489 3318 1561 3389 ,Μ

294 3411 383 3465 etiam
404 3403 617 3463 sodaliciorum
642 3407 765 3465 invento
785 3406 906 3461 nornine
925 3404 1098 3480 tegebatur3
1130 3408 1263 3469 remedio
1285 3422 1353 3467 erat
1373 3428 1449 3485 opus
1470 3394 1561 3473 rabbi

294 3493 435 3559 salutari,
456 3507 550 3568 neque
574 3500 671 3546 tanuen
691 3490 749 3546 ulls
772 3490 828 3545 suit
846 3508 986 3567 uinquam
1001 3501 1083 3551 tanta
1103 3495 1200 3570 legum
1221 3493 1390 3562 acerbitas,
1412 3510 1483 3572 quae
1500 3490 1581 3565 pt*

292 3577 375 3635 illam
389 3574 587 3652 extingueret.
615 3573 705 3633 Plebs
719 3575 828 3631 etenim
845 3572 1004 3649 largitione
1018 3576 1285 3652 corrumpebatur,
1304 3597 1401 3659 neque
1416 3581 1447 3635 in
1461 3574 1566 3649 corti!
1580 3594 1581 3597 ’

292 3682 390 3740 poena
411 3671 491 3729 erat,
516 3671 561 3717 set
582 3661 612 3715 iu
634 3671 849 3735 corruptores3
877 3660 908 3714 in
930 3659 965 3715 iis
982 3652 1080 3717 riutem
1100 3650 1276 3735 ordinibus,
1296 3667 1424 3741 quitum
1438 3652 1565 3737 indicsldP

293 3749 380 3806 multi
394 3756 499 3813 erasit,
519 3746 574 3822 ,qui
595 3747 784 3821 magistratus
808 3740 921 3800 ambitu
943 3747 1087 3821 consequi
1105 3743 1225 3804 vellent.
1263 3738 1299 3804 in
1319 3740 1380 3804 liac'
1391 3730 1565 3823 deniquo*

293 3833 433 3890 liciorum
452 3844 559 3891 caussa
573 3846 641 3886 cnm
655 3833 770 3887 crimen
783 3839 863 3886 esset
876 3828 1039 3896 occultius,
1061 3828 1098 3886 ad
1114 3846 1261 3888 conrnune
1277 3830 1389 3889 rutilum
1406 3829 1435 3887 id
1447 3814 1566 3885 sebttbl

294 3917 391 3995 quod,
416 3918 443 3974 si
464 3915 563 3973 tribus
589 3914 755 3972 edebantur
775 3932 830 3971 reo
851 3914 1029 3971 coniunctae
1054 3933 1208 3986 rursusne,
1234 3917 1467 3989 Indulgentiores
1487 3910 1568 3989 pullu

293 4001 546 4061 necessitudinem
561 4000 655 4057 interi
676 4000 790 4058 iudices
813 3994 1003 4056 videbantur.
1043 3997 1109 4055 Lex
1128 4002 1227 4079 itaque
1244 3996 1468 4060 sommiorum
1484 3993 1582 4079 lilii&

294 4089 367 4145 tiam
395 4089 555 4144 sereritats
577 4084 775 4142 adiuvandam
799 4086 932 4151 ceassiu
961 4100 1017 4141 nos
1037 4087 1202 4143 armarium
1220 4086 1299 4144 illam
1320 4085 1462 4146 IIoitensi
1478 4078 1582 4161 W}

295 4172 409 4229 tionem
430 4181 549 4231 sestam
566 4181 596 4226 et
614 4170 799 4245 speciosam,
827 4179 873 4225 set
893 4173 1079 4228 acenssstori
1095 4172 1168 4228 hant
1182 4174 1256 4230 satin
1272 4172 1378 4230 utilem
1390 4166 1571 4230 exstantem
1581 4164 1582 4187 ³

296 4274 385 4333 quatu
410 4254 528 4332 quidem
545 4253 654 4312 Cicero
673 4265 770 4311 astute
786 4256 820 4310 in
840 4270 905 4310 rem
927 4272 1010 4311 snam
1026 4259 1196 4323 convertit,
1225 4258 1304 4333 quod
1325 4264 1492 4315 accensator
1506 4240 1580 4304 Μ

185 4342 192 4347 ’
296 4341 458 4415 arripiens.
497 4339 575 4397 Nam
594 4339 645 4397 ille
664 4338 701 4395 de
720 4339 884 4395 'ferentina
906 4351 935 4395 et
956 4340 1106 4411 Voltinia,
1130 4360 1204 4418 quas
1222 4358 1284 4399 non
1304 4343 1455 4408 ediderat,
1472 4331 1573 4395 criu*

295 4421 403 4493 batnr3
424 4436 596 4501 suspectam
612 4426 729 4483 scilicet
741 4440 844 4483 carnos
863 4420 995 4481 trilinnm
1013 4424 1128 4501 plebeia
1147 4425 1288 4495 babebat,
1303 4438 1390 4489 eante
1404 4426 1503 4483 indices
1514 4420 1573 4486 til*

299 4508 447 4567 disserat.
487 4509 545 4567 Hic
566 4512 775 4567 auemritatem
794 4518 932 4578 mustus,
954 4526 1023 4566 eum
1042 4509 1138 4588 legem
1158 4530 1219 4569 non
1243 4506 1362 4587 posset,
1381 4513 1537 4589 opponitit

298 4592 420 4650 eaedem
434 4594 650 4667 Plancintotse
668 4606 769 4652 essens
787 4592 914 4652 deditae.
954 4595 1020 4652 Hoc
1036 4607 1083 4652 est
1098 4598 1235 4672 proiecto
1256 4598 1292 4654 ad
1311 4599 1501 4657 innocentiam
1515 4590 1570 4640 Μ·

298 4677 367 4751 dam
383 4681 553 4757 egregium
573 4692 619 4738 set
631 4682 755 4739 crimini
772 4679 974 4749 vindicando,
992 4698 1080 4757 qaam
1097 4678 1135 4737 ob
1149 4681 1273 4741 reuulsa
1285 4693 1351 4741 erat
1365 4683 1438 4747 ists,
1453 4668 1567 4735 no'affl

296 4763 343 4821 lta
365 4767 472 4820 umori
491 4768 623 4823 oratoris
641 4763 801 4825 Mursa
816 4765 913 4823 lateus
932 4767 1063 4836 uniter,
1092 4780 1152 4843 quo
1169 4769 1250 4827 riam
1268 4762 1489 4825 sibi'sonnmait
1500 4751 1567 4811 itit*

299 4849 394 4929 menis
413 4848 665 4929 ampliatamem.''
