3338 5584
363 388 367 395 ’
462 378 675 443 SENATUS
698 377 961 446 consum.
1310 385 1372 448 MS

51 525 81 576 et
109 512 150 577 C.
180 514 381 594 Pomptinius
401 525 585 596 martores,
613 518 719 597 quod
743 535 881 579 eornm
904 538 1030 598 opera
1051 518 1151 581 forti
1174 518 1369 601 fidelique

51 625 139 667 usus
161 625 300 680 essem,
324 607 438 670 merito
454 627 491 668 ac
505 606 574 668 iure
591 608 772 680 laudantnr3
796 620 890 689 atquc
906 610 997 671 etiarn
1014 610 1085 673 viro
1101 610 1197 683 sorti,
1221 613 1367 694 collegas

49 715 135 768 racc,
160 697 226 757 laus
248 695 447 776 impertitur,
479 701 583 778 qarod
605 718 695 770 cos,
720 699 786 779 qrri
807 700 927 761 buins
948 702 1257 765 coniurationis
1279 724 1367 783 par-

48 787 192 868 ticipes
219 787 413 862 fuissent,
447 809 464 850 a
495 788 578 851 suis
605 801 641 850 et
670 810 687 850 a
718 789 778 851 rei
806 791 997 871 publicae
1027 794 1218 857 consiliis
1240 812 1366 857 remo·

46 880 187 941 risset.
213 882 324 960 Atque
339 880 380 941 ita
405 893 623 952 censuerunt,
641 892 681 941 ut
703 882 745 943 P.
771 883 982 958 Lentulus,
1007 906 1088 945 curn
1110 906 1150 945 se
1172 897 1364 966 praetura

46 972 290 1046 abdicasset,
316 983 394 1032 tum
416 971 456 1033 in
478 972 700 1037 custodiam
723 975 976 1049 traderetnr;
998 975 1137 1058 itemque
1160 980 1204 1039 uti
1227 977 1269 1041 C.
1294 977 1381 1041 ce:

46 1064 210 1145 tbegus,
232 1065 278 1124 L.
301 1063 512 1137 Statilius,
536 1065 578 1127 Ρ.
604 1063 822 1137 Gabinius,
848 1066 901 1148 qrri
924 1087 1034 1129 omnes
1057 1080 1239 1146 praesentes
1261 1079 1363 1143 erant,

44 1152 79 1215 in
105 1152 332 1219 custodiant
362 1156 647 1227 traderentnr3
678 1167 772 1239 atque
798 1157 878 1219 idem
905 1159 968 1219 hoc
992 1162 1152 1220 decretum
1182 1171 1231 1220 est
1258 1160 1289 1220 in
1318 1161 1362 1221 L.

44 1245 206 1320 Cassium,
231 1246 285 1328 qni
304 1247 364 1308 sibi
381 1248 638 1327 procurationem
657 1249 868 1311 incendendae
885 1250 971 1313 urbis
990 1255 1242 1331 depoposcerat3
1265 1251 1296 1310 in
1311 1251 1363 1311 Μ.

43 1336 249 1417 Caeparium,
273 1338 324 1399 cui
340 1339 380 1400 ad
393 1340 611 1401 sollicitandos
634 1352 780 1418 pastores
804 1342 951 1419 Apuliam
975 1362 1044 1405 esso
1066 1342 1269 1413 attributam,
1294 1350 1364 1402 erat

40 1428 226 1502 indicatum
261 1431 291 1491 in
316 1430 359 1492 Ρ.
385 1430 532 1505 Furium,
555 1474 576 1490 .
598 1472 619 1487 -
646 1431 678 1494 in
705 1433 748 1510 Q.
772 1433 927 1495 Manlium
958 1432 1147 1505 Chilonem,
1171 1475 1194 1490 .
1215 1474 1235 1490 .
1263 1433 1295 1493 in
1317 1435 1361 1496 P.

41 1521 254 1591 Umbrenum,
278 1521 457 1583 libertinum
485 1523 662 1595 hominem,
695 1543 711 1585 a
739 1545 804 1602 qrto
829 1524 963 1604 primum
988 1526 1101 1589 Gallos
1123 1527 1163 1586 sd
1192 1524 1361 1586 Gabinium

40 1614 212 1691 perductos
228 1630 300 1673 esse
315 1616 492 1676 constabat.
514 1657 535 1672 .
557 1655 577 1670 -
601 1616 709 1696 Atque
728 1616 822 1677 etiam
840 1617 1032 1696 supplicatio
1052 1616 1110 1679 diis
1133 1616 1362 1678 immortalibus

41 1724 101 1783 pre
116 1704 269 1787 singulari
286 1726 397 1767 eornm
424 1705 537 1769 merito
558 1727 629 1769 meo
646 1707 772 1769 nornine
793 1710 918 1769 decreta
939 1717 1007 1776 est,
1030 1747 1051 1762 -
1073 1748 1094 1763 .
1117 1719 1148 1768 ct
1169 1706 1216 1767 bis
1236 1710 1361 1769 decreta

40 1797 146 1858 verbis
166 1808 235 1870 cst,
261 1797 521 1880 qrrodurbem
537 1796 758 1874 incendiis,
777 1797 1041 1873 eaedecives,
1062 1798 1228 1860 Italiam
1250 1799 1360 1861 bello

39 1887 293 1951 liberassem.
337 1886 434 1951 Catil.
459 1890 497 1962 3,
522 1891 558 1963 6,
585 1892 625 1951 44
647 1911 717 1973 seq.

122 1981 161 2043 ln
182 1979 261 2043 artis
283 1980 421 2060 publicis
450 1980 594 2063 cognovi
622 1982 722 2061 pridie
750 1984 827 2047 Kal.
859 1982 1057 2046 MartiasS.
1080 1980 1122 2045 C.
1137 2001 1218 2045 esse
1243 1981 1361 2045 laetum

40 2072 82 2134 P.
112 2070 254 2136 Clodii
282 2074 441 2134 caedem
472 2085 508 2134 et
537 2072 763 2135 incendium
792 2075 927 2137 errriae
956 2086 993 2136 et
1015 2075 1360 2155 oppugnationem

41 2164 190 2225 aedium
220 2165 275 2227 Μ.
305 2163 453 2245 Lepidi
482 2176 621 2227 contra
650 2185 729 2226 rem
753 2166 956 2247 publicam
978 2167 1137 2263 laetam.
1182 2164 1360 2228 Ascon.1n

41 2256 156 2318 Milon.
179 2278 214 2336 p.
240 2258 293 2318 44.
315 2256 401 2319 Bait.

121 2347 298 2410 Decretum
317 2359 364 2409 est
380 2348 468 2429 leges
483 2348 536 2410 Μ.
558 2344 645 2409 Livii
661 2346 760 2409 Drusi
782 2360 923 2410 eontra
947 2350 1124 2428 auspicia
1149 2370 1237 2411 csse
1259 2351 1360 2410 latas

40 2457 164 2512 neuere
186 2437 239 2501 iis
260 2439 393 2501 teucri
416 2438 620 2518 populum.
666 2438 789 2501 Aaron.
813 2438 843 2501 in
867 2436 1003 2525 Cornel.
1027 2461 1062 2520 p.
1087 2441 1139 2502 68.
1164 2440 1249 2502 Bait.

122 2532 157 2593 S.
182 2529 223 2595 C.
246 2530 452 2591 estfactum:
485 2529 639 2608 Quibus
662 2532 707 2590 de
728 2529 854 2591 sartis
877 2531 1001 2592 tectis
1023 2531 1226 2613 cognitum
1249 2541 1289 2592 et
1309 2531 1362 2592 in-

40 2619 214 2683 dicatum
250 2642 327 2685 non
356 2632 482 2695 esset,
518 2621 576 2681 uti
607 2619 648 2683 C.
679 2624 836 2684 Verres
865 2623 907 2683 P.
946 2619 1110 2684 Caelius
1144 2634 1360 2702 praetores

39 2728 339 2794 cognoscerent
361 2726 396 2775 et
418 2712 664 2775 iudicarent.
711 2714 809 2774 Verr.
835 2715 957 2775 Aecus.
982 2716 1018 2786 4,
1044 2714 1100 2787 50,
1127 2702 1200 2777 430.

120 2806 301 2868 Sententiae
330 2798 533 2868 dicebanturt
573 2804 668 2868 Cum
702 2805 895 2867 Sthenius
928 2808 1071 2867 absens
1104 2827 1195 2869 reus
1228 2805 1360 2871 laetus

39 2908 162 2970 esset,
197 2900 244 2959 de
274 2899 441 2959 absente
476 2895 669 2958 indicium
700 2896 851 2958 nullum
885 2896 985 2959 fieri
1018 2897 1201 2976 placere,
1236 2909 1291 2967 ct,
1326 2897 1362 2959 si

40 2988 467 3069 quodessetfactnm,
491 2987 527 3049 id
549 2998 675 3050 ratum
699 3008 885 3051 essenon
907 2990 1086 3069 plaeere.
1119 2989 1221 3050 Vere.
1238 2990 1360 3051 Aecus.

39 3078 74 3153 4,
99 3080 158 3153 39,
187 3082 243 3144 95.

121 3162 290 3235 Senatus
319 3169 546 3234 consultum
581 3170 883 3248 Syracusanum.
928 3170 1083 3234 Refertur
1111 3171 1149 3231 de
1176 3170 1359 3232 Peducaeo.

40 3261 82 3322 Ut
99 3263 234 3346 queisque
257 3274 362 3325 aetate
384 3274 416 3323 et
435 3263 561 3323 bonore
583 3263 806 3335 antecedebat,
831 3261 872 3323 ita
887 3263 1070 3324 seutentiam
1088 3261 1166 3322 dixit
1182 3281 1222 3322 ex
1238 3259 1362 3322 ordine.

40 3353 75 3413 ld
99 3357 179 3417 adeo
205 3376 246 3417 ex
271 3352 343 3434 ipso
367 3353 644 3415 senatusconsulto
667 3352 874 3435 cognoscite:
899 3374 968 3414 nam
991 3352 1168 3432 principum
1191 3350 1362 3412 sententiae

38 3445 191 3522 perscribi
204 3446 323 3508 solent.
342 3444 469 3508 Recita.
489 3445 604 3522 erod
619 3446 861 3506 verbalacta
875 3455 965 3506 sunt
979 3444 1359 3507 deSex.Peducaeo.

44 3533 139 3609 Dicit,
153 3536 207 3618 qrri
220 3539 314 3617 primi
327 3535 493 3599 arraserint.
513 3536 714 3599 Decernitur.
725 3536 881 3598 Refertur
894 3535 1005 3597 deinde
1017 3538 1055 3595 dc
1067 3534 1105 3599 C.
1114 3536 1230 3598 Verre.
1247 3535 1364 3612 Quod

40 3631 160 3688 rerba
183 3628 295 3690 laeta
317 3624 408 3690 s'unt
430 3629 473 3689 de
497 3626 538 3690 C.
564 3625 712 3689 Verre.
757 3624 851 3689 Cum
873 3637 1064 3708 surgeret
1092 3646 1204 3687 nesso
1233 3642 1387 3704 neqrre'

39 3720 278 3781 sententiaro
308 3720 476 3789 diceret,
512 3738 602 3779 sors
636 3716 813 3779 ducitur.
869 3717 1002 3781 Senatus
1036 3717 1213 3779 consultum
1240 3715 1357 3777 factum

40 3820 84 3869 est
110 3810 289 3874 huiusmodi
315 3809 523 3873 laudationis:
562 3811 676 3888 erod
699 3809 732 3869 is
756 3807 886 3887 virgis
909 3808 1097 3868 neminem
1121 3806 1359 3877 cecidisset3

41 3903 138 3980 quod
162 3902 391 3986 vigilanter
412 3901 665 3981 provinciam
689 3899 1029 3973 administrassem
1062 3899 1166 3980 qriod
1190 3899 1358 3976 praedo·

41 4012 102 4053 nes
124 3995 271 4073 procul
295 3996 339 4054 ab
362 3993 492 4056 insula
516 3991 656 4055 Sicilia
680 3990 964 4069 prohibuisset
986 3988 1152 4049 Verres.
1198 3986 1357 4052 Cicerone

39 4096 148 4161 postea
171 4085 338 4165 Syracusis
361 4090 495 4165 degente
518 4087 730 4146 decreverunt
751 4081 865 4143 iidem:
896 4082 945 4143 Ut
968 4100 1047 4139 cum
1071 4079 1202 4140 fratre
1226 4080 1268 4140 L.
1293 4081 1358 4142 be·

39 4176 197 4255 spitium
222 4177 387 4257 publice
407 4176 548 4249 lieret3
571 4186 610 4237 nt
632 4173 840 4244 laudatio,
865 4191 964 4255 quiae
988 4169 1029 4233 C.
1054 4169 1176 4232 Verri
1199 4171 1357 4232 decreta

39 4280 165 4341 esset,
191 4268 431 4331 tolleretur.
476 4269 578 4329 Verr.
604 4268 723 4328 Areus.
748 4265 786 4337 4,
812 4263 871 4334 tt,
898 4262 958 4323 143
980 4282 1072 4342 seqq.

121 4361 210 4438 Quas
242 4363 286 4421 ob
317 4380 388 4432 res,
423 4360 510 4440 qrrod
543 4356 661 4418 tribuni
692 4354 794 4435 plebis
829 4356 925 4415 rerba
958 4354 1118 4424 fecerunt,
1154 4351 1197 4412 uti
1229 4363 1357 4419 senatus

37 4449 189 4512 Kalendis
208 4449 365 4513 {surtariis
382 4461 452 4512 tuto
468 4448 596 4521 baberi,
620 4445 856 4527 sententiaeque
871 4447 910 4507 de
927 4463 1046 4506 summa
1066 4464 1102 4503 re
1118 4442 1214 4521 publi
1216 4462 1240 4501 ·a
1257 4440 1357 4506 libero

37 4541 95 4602 dier
113 4554 256 4622 possmt
279 4544 424 4604 deeare
443 4542 484 4602 its
502 4560 639 4604 censeo
663 4536 797 4602 UtiC.
822 4539 969 4605 Pansa,
996 4538 1035 4597 Α.
1059 4533 1238 4607 Hirtius,
1263 4554 1356 4597 con-

36 4634 143 4697 sules
166 4632 387 4716 designati,
414 4634 508 4693 dent
530 4651 711 4710 operam,
735 4627 795 4690 uti
816 4637 977 4688 senatus
1001 4625 1195 4686 Kalendis
1216 4624 1355 4713 Ιιιιιιιι·

38 4722 557 4805 riistutobsberipossit.
595 4723 781 4803 qrrodque
810 4714 1050 4781 edietumD.
1073 4714 1210 4787 Bruti,
1240 4715 1355 4796 impe-
