3338 5584
450 344 662 408 SENATUS
687 344 953 413 CONSULTA.
1308 356 1370 420 tre

55 506 158 569 paoem
189 481 458 565 concordiamque
489 483 665 556 convertit,
699 487 1005 549 senatusconsultum
1037 488 1087 550 his
1116 490 1224 552 verbis
1254 512 1370 556 censeo

57 578 324 662 perscribendum:
363 576 455 636 Cum
478 595 496 634 a
519 575 572 636 M.
595 574 750 655 Lepido
779 576 1032 657 imperatore
1059 582 1267 660 pontifice
1296 605 1370 645 ma·

54 671 155 733 simo
181 686 467 747 saepenumero
497 686 562 727 res
592 667 757 747 publica
789 680 825 729 et
854 672 954 731 bene
982 682 1019 732 et
1046 672 1230 735 feliciter
1257 688 1369 757 gesta

52 765 117 839 sit,
134 759 598 843 populusqueRomanus
614 758 889 834 intellexerit,
909 762 944 824 ei
959 763 1200 826 dominatum
1216 767 1369 847 regium

52 853 209 916 maxime
231 849 473 930 displicere,
499 866 668 930 eumque
691 848 776 912 cius
806 871 953 931 opera,
979 853 1161 931 virtute,
1186 858 1369 920 consilio

49 944 324 1028 singularique
347 940 556 1027 clementia
580 951 618 1001 et
643 945 941 1006 mansuetudine
970 945 1120 1007 bellum
1152 950 1371 1010 acerbissi-

50 1060 138 1099 mum
173 1034 299 1097 civile
335 1033 387 1095 sit
419 1031 681 1107 restinctum,
717 1034 951 1117 Sextusque
984 1038 1200 1117 Pompeius
1244 1039 1371 1103 Coaei

49 1129 156 1192 filius
177 1129 354 1208 Magnus
385 1124 502 1186 buius
530 1125 690 1187 ordinis
718 1127 972 1188 arroteritate
1001 1129 1047 1190 ab
1070 1132 1195 1191 armis
1218 1131 1371 1192 disces·

49 1221 164 1294 serit,
189 1231 228 1280 et
250 1240 266 1279 a
287 1218 340 1280 M.
358 1215 511 1295 Lepido
532 1216 781 1295 imperatore
803 1218 1009 1297 pontifice
1032 1221 1201 1283 maximo
1224 1240 1370 1283 summa

50 1324 206 1374 senatus
234 1309 469 1391 populique
504 1307 675 1370 Romani
706 1310 918 1371 voluntate
947 1311 1115 1373 civitati
1147 1313 1370 1375 restitutus

50 1403 117 1464 sit:
140 1413 317 1464 senatum
341 1401 611 1479 populumque
628 1401 844 1462 Romanum
868 1422 942 1481 pro
966 1403 1144 1467 maximis
1168 1404 1371 1484 plurimis·

51 1515 121 1575 que
146 1494 183 1554 in
212 1513 294 1554 rem
321 1490 520 1571 publicam
550 1493 607 1553 M:
634 1490 782 1570 Lepidi
812 1492 971 1554 meritis
1003 1514 1177 1577 maguam
1200 1516 1307 1577 spem
1331 1495 1371 1559 iu

52 1587 133 1647 eius
155 1582 619 1657 virtutesauetoritate,
649 1582 859 1646 felicitate
882 1606 1087 1665 reponere
1110 1586 1206 1662 otii,
1237 1588 1368 1667 pacis,

51 1676 310 1752 concordiae,
338 1674 568 1747 libertatis;
602 1674 768 1756 eiusque
799 1675 837 1736 iu
867 1697 945 1737 rem
976 1677 1178 1756 publicam
1210 1678 1371 1742 merito·

50 1790 129 1831 rum
151 1779 332 1830 senatum
355 1766 630 1849 populumque
654 1768 868 1830 Romanum
893 1788 1102 1829 memorem
1125 1770 1219 1832 fore
1253 1769 1372 1851 eique

49 1872 215 1923 statuam
237 1871 460 1943 equestrem
484 1857 707 1920 inauratam
731 1859 768 1919 in
793 1859 960 1922 Rostris
983 1872 1048 1921 aut
1070 1880 1147 1941 quo
1170 1861 1256 1921 alio
1279 1861 1370 1923 loco

48 1952 85 2014 in
114 1953 210 2015 foro
244 1951 342 2012 velit
374 1971 420 2012 ex
455 1949 574 2011 huius
608 1950 766 2012 ordinis
798 1951 1006 2014 sententia
1035 1952 1161 2014 statui
1190 1952 1370 2033 placere.

48 2046 187 2127 Philipp.
212 2047 247 2118 5,
272 2045 329 2117 15,
356 2046 408 2105 tu.
433 2044 489 2104 41.

129 2139 205 2201 Hoc
231 2148 376 2218 ternpore
400 2138 443 2196 ita
466 2155 584 2198 censeo
610 2136 860 2197 decernendum:
899 2134 1015 2214 Quod
1038 2133 1079 2199 C.
1102 2134 1257 2199 Caesar
1280 2133 1372 2199 Caii

47 2229 159 2293 filius
180 2228 375 2310 pontifex
405 2248 478 2306 pro
501 2239 698 2308 praetore
720 2247 866 2288 summo
888 2227 945 2287 rei
968 2228 1160 2306 publicae
1189 2241 1371 2309 tempore

49 2322 196 2384 milites
219 2332 436 2381 veteranos
460 2323 502 2379 ad
524 2319 756 2379 libertatem
780 2318 922 2396 populi
939 2319 1106 2380 Romani
1128 2322 1371 2382 cohortatus

48 2417 100 2477 sit
121 2434 272 2497 eosque
294 2409 611 2490 conscripserit3
634 2412 823 2492 quodque
847 2408 1120 2491 legioMartia
1144 2423 1371 2493 quartaque

49 2527 194 2568 summo
235 2504 368 2567 studio
402 2502 641 2583 optimoque
672 2503 707 2562 iu
740 2521 819 2561 rem
852 2501 1055 2580 publicam
1088 2522 1291 2564 consensu
1324 2500 1370 2566 C.

50 2596 220 2661 Caesare
242 2601 339 2658 duce
362 2606 399 2657 et
421 2606 591 2657 auctore
619 2613 699 2655 rem
727 2592 943 2673 publicam,
976 2591 1204 2654 libertatem
1228 2594 1371 2675 populi

50 2690 217 2754 Romani
249 2688 489 2761 defendant,
526 2684 807 2757 defenderint;
845 2697 883 2745 et
911 2683 1090 2764 quod'C.
1115 2683 1266 2747 Caesar
1295 2707 1371 2768 pro

49 2795 246 2863 praetore
275 2780 435 2842 Galliae
467 2777 705 2858 provinciae
739 2798 820 2838 curn
853 2777 1036 2838 exercitu
1069 2778 1251 2840 subsidio
1284 2799 1373 2859 pro-

41 2878 181 2938 fectus
206 2872 274 2945 ait,
299 2872 476 2954 equites,
500 2869 765 2952 sagittarios,
791 2870 1034 2947 elephantos
1058 2869 1222 2930 insuam
1246 2891 1372 2951 popu·
1468 2920 1472 2929 ,

49 2965 156 3049 lique
194 2964 365 3027 Rotnani
401 2973 646 3043 potestatem
684 2959 895 3043 redegerit
933 2958 1272 3042 difficillimoque
1308 2960 1373 3022 rei

47 3057 237 3139 publicae
259 3067 443 3136 tempore
465 3053 589 3115 saluti
613 3052 891 3135 dignitatique
912 3051 1053 3130 populi
1078 3052 1250 3113 Romani
1281 3055 1372 3114 sub·

49 3148 224 3211 venerit:
248 3150 297 3210 ob
321 3168 387 3208 eas
410 3166 554 3208 causas
577 3143 739 3206 senatui
760 3144 943 3223 placere,
974 3141 1017 3204 C.
1041 3142 1257 3205 Caesarem
1284 3144 1373 3206 Caii
1471 3154 1475 3165 '

46 3242 174 3303 filium
210 3239 455 3319 pontificem
489 3258 564 3318 pro
598 3247 794 3316 praetore
827 3247 1056 3297 senatorem
1092 3255 1179 3295 esse
1213 3248 1371 3298 senten·

46 3332 223 3414 tiamqne
247 3333 335 3393 loeo
358 3329 573 3407 praetorio
602 3327 754 3400 dicere,
790 3327 955 3406 eiusque
989 3326 1204 3402 rationem,
1243 3349 1373 3410 quem·

47 3445 202 3506 cunque
225 3420 504 3506 magistratum
527 3433 660 3497 petet,
695 3419 750 3480 ita
774 3418 930 3489 haberi,
965 3428 1090 3496 prout
1114 3420 1255 3480 haberi
1280 3420 1372 3501 lege

48 3515 213 3588 liceret,
238 3514 271 3575 si
293 3534 395 3574 anno
418 3512 637 3593 superiore
660 3522 858 3590 quaestor
880 3508 1038 3571 fuisset.
1056 3508 1195 3589 Philipp.
1208 3512 1240 3585 5,
1257 3514 1306 3585 17,
1320 3513 1372 3575 46.

130 3609 184 3672 De
207 3607 348 3667 exercitu
373 3604 414 3668 C.
439 3603 587 3667 Caesaris
608 3601 650 3662 ita
674 3622 790 3662 censeo
814 3602 1062 3663 decernendum:
1093 3602 1267 3662 Senatui
1289 3602 1374 3680 pla·

49 3706 157 3771 cer'e,
185 3696 386 3760 militibus
409 3695 634 3766 veteranis,
659 3692 723 3775 qui
745 3691 954 3763 Caesaris,
978 3691 1217 3772 pontilicis,
1242 3693 1293 3727 ue
1315 3713 1375 3754 arr-

50 3793 375 3872 ctoritatemque
397 3787 513 3848 huius
537 3785 699 3847 ordinis
722 3782 1121 3864 defenderiutatque
1138 3784 1372 3856 defendant,

48 3882 94 3945 iis
118 3883 349 3964 liberisque
372 3900 507 3942 eorum
530 3877 701 3939 militiae
730 3874 987 3936 vacationem
1017 3894 1125 3935 esse:
1162 3876 1306 3957 utique
1330 3873 1372 3937 C.

47 3977 197 4049 Pausa,
229 3975 274 4038 A.
298 3972 484 4044 Hirtius,
517 3970 719 4040 consules,
753 3969 856 4028 ulter
879 3968 1061 4038 ambove,
1087 3968 1122 4027 S.
1146 3968 1189 4028 E.
1216 3968 1275 4042 V„
1301 3987 1373 4028 co·

46 4077 313 4148 gnoscerent,
338 4065 405 4147 qui
428 4084 526 4146 ager
553 4061 605 4123 iis
634 4060 816 4123 coloniis
840 4069 967 4130 esset,
992 4077 1069 4139 quo
1093 4057 1240 4118 milites
1266 4069 1374 4118 vete·

43 4160 130 4219 rani
155 4157 317 4220 deducti
340 4162 493 4228 essent,
511 4153 578 4235 qui
600 4163 744 4216 contra
768 4152 893 4233 legem
910 4148 1050 4210 Iuliam
1073 4149 1371 4228 possideretur,

43 4262 84 4312 ut
114 4251 154 4312 is
178 4249 376 4311 militibus
406 4247 616 4308 veteranis
645 4244 929 4313 divideretur3
963 4244 1007 4304 de
1038 4261 1139 4323 agro
1171 4238 1373 4320 Catapano

42 4340 258 4422 separatim
289 4349 617 4421 cognoscerent,
652 4336 884 4416 inirentque
913 4335 1118 4396 rationem
1143 4334 1185 4390 de
1208 4351 1374 4393 commo·
1489 4362 1496 4377 ·

43 4434 103 4496 dis
127 4432 296 4494 militum
321 4443 607 4493 veteranorum
631 4427 841 4509 augendis3
874 4426 1114 4508 legionique
1138 4414 1315 4487 Martiae
1338 4433 1376 4484 et

44 4525 209 4609 legioni
238 4534 420 4606 quartae,
454 4532 494 4586 et
515 4520 565 4583 iis
588 4520 806 4591 militibus,
840 4518 909 4599 qui
931 4519 976 4578 de
999 4515 1164 4593 legione
1186 4516 1373 4585 secunda,

43 4616 266 4679 tricesima
297 4614 451 4696 quinta,
486 4614 529 4673 ad
565 4611 607 4674 C.
644 4612 833 4683 Pansam,
869 4611 913 4671 A.
947 4605 1147 4683 Hirtium,
1184 4607 1374 4668 consules

45 4715 274 4784 venissent,
309 4726 458 4787 suaque
489 4709 645 4766 nomina
673 4704 899 4776 dedissent,
934 4701 1039 4782 qood
1066 4699 1374 4761 iis'auctoritas
