3214 5586
451 415 602 483 INDEX
623 417 804 483 LEGUM.
1199 442 1204 447 ·
1231 422 1291 487 197

47 560 141 625 lsohta
163 557 381 643 ningeuettut)
412 560 530 625 Gesetz
562 558 594 622 in
622 559 690 624 eine
718 560 831 625 wahe-e
852 560 1043 626 historische
1066 561 1290 647 Ankniipfung

49 678 75 717 an
92 655 123 717 he
140 652 251 717 hibern
273 653 411 716 Gcsetze
441 657 504 716 und
533 673 572 716 an
600 653 651 717 die
675 657 887 719 bestehenden
910 655 1114 720 offentlichen
1137 656 1289 722 Verha'lt·

45 750 205 829 aiorgrsetnt
222 747 349 826 wirto.

93 844 216 905 Ηιιιιιιιιι
244 842 476 906 Waechterns:
512 841 567 925 qui
593 839 742 906 videatur
771 841 862 908 etiam
894 845 933 908 ad
961 845 1050 929 loges
1079 844 1228 911 Plotium
1256 855 1289 908 et

42 937 172 1022 Ponpa'cm
191 937 228 1001 tle
248 928 290 1002 tii.

190 1099 302 1163 lucian
324 1101 472 1165 Caesare
494 1109 633 1163 mortuo
654 1120 678 1161 a
697 1101 753 1165 M.
776 1098 931 1166 Antonio
945 1098 1066 1178 fixae.

83 1218 323 1301 ,lnspectantihus
350 1218 445 1285 vohis
478 1230 550 1285 toto
587 1217 752 1303 Capitolio
781 1222 907 1284 tabulae
943 1221 1142 1305 figebantur,
1183 1243 1286 1306 nequo

31 1313 94 1377 solon
105 1313 213 1399 singulis
227 1314 376 1377 venibant
391 1312 616 1389 immunitates,
639 1318 695 1377 sed
716 1314 810 1378 etiam
826 1315 953 1398 populis
977 1314 1149 1380 universis:
1173 1315 1287 1380 civitas

29 1428 69 1470 rou
83 1406 129 1470 ian
145 1408 330 1494 singillatim,
354 1410 410 1473 scd
430 1408 607 1492 provinciis
630 1410 707 1475 totis
729 1409 896 1473 dabatur.’'
926 1409 1071 1493 Philipp.
1088 1410 1137 1475 ΙΙ.
1155 1410 1212 1488 36,
1231 1410 1285 1477 99.

142 1567 189 1632 Dc
208 1590 292 1633 naon
315 1567 506 1633 Detonauo.

80 1688 159 1761 ,sant
182 1712 216 1756 ea
243 1691 371 1775 quidem
393 1690 647 1767 innumerabilia,
683 1713 765 1775 quae
787 1713 805 1755 a
827 1691 962 1756 diversis
986 1692 1187 1767 emebantur,
1221 1711 1285 1755 oon

23 1780 129 1847 insuaue
152 1797 196 1849 te:
228 1788 286 1849 sed
316 1807 409 1848 unum
439 1785 603 1869 egregium
634 1787 684 1850 de·
704 1809 787 1871 rege
815 1786 983 1852 Deiotaro
1011 1787 1122 1868 populi
1150 1783 1286 1850 Romani

24 1876 159 1943 ιιιίιιίιιο
177 1882 336 1944 decretum
357 1877 388 1942 in
413 1877 577 1962 Capitolio
601 1881 733 1945 lixum.''
777 1879 921 1965 Philipp.
945 1881 994 1948 ΙΙ.
1014 1881 1054 1945 tt
1065 1926 1074 1958 ,
1098 1881 1152 1946 93.
1188 1879 1288 1947 Conl.

26 1974 113 2036 ailtt.
129 1974 302 2051 utu-12,
332 1976 365 2038 l.
765 2006 768 2015 r

137 2134 185 2200 Ila
206 2134 340 2201 Cunna.

83 2256 184 2338 ,Nuper
201 2260 265 2321 lixa
290 2254 399 2319 tabula
422 2266 486 2332 est,
521 2278 583 2342 qua
611 2257 757 2322 civitates
786 2258 1056 2341 locupletissimae
1084 2256 1285 2324 Cretensium

32 2340 156 2427 Rarum,
183 2351 416 2434 statuiturque,
449 2371 489 2414 ne
518 2363 592 2433 post
623 2352 675 2415 M.
706 2353 839 2437 bustum
865 2354 1091 2434 proconsulem
1118 2350 1161 2415 sit
1186 2350 1285 2417 Creta

30 2440 146 2519 muntia.
186 2449 235 2511 Τιι
260 2443 375 2509 mentis
401 2465 435 2507 es
458 2443 615 2526 compos?
651 2457 685 2507 tu
713 2466 777 2510 non
800 2444 1090 2530 constringendus?
1125 2446 1177 2508 Au
1201 2443 1286 2509 Cae·

28 2534 77 2595 *it
90 2539 193 2603 decreto
217 2539 316 2606 Creta
339 2549 414 2622 post
437 2540 489 2602 M.
514 2537 608 2602 Bruti
629 2541 791 2601 decessum
812 2539 917 2620 potuit
933 2540 1076 2615 liberari»,
1101 2560 1171 2601 cum
1188 2537 1285 2603 Creta

26 2623 74 2689 nhil
88 2632 116 2693 ad
131 2632 253 2698 brutum
278 2633 422 2711 Caesare
444 2631 521 2696 rivo
543 2630 767 2715 pertineret?”
790 2633 933 2716 Philipp.
955 2634 1000 2698 ll.
1022 2632 1080 2711 38,
1105 2633 1157 2698 97.

136 2792 184 2857 Ile
206 2812 398 2858 nunninus.
471 2832 475 2845 ·

86 2911 130 2991 ,tr
143 2914 386 2980 docarsrslibaa
406 2915 529 3000 legem,
553 2936 646 3000 quam
673 2914 788 2990 fixisti,
819 2913 941 2980 Caesar
963 2917 1044 2980 tulit.
1089 2915 1217 2981 Nullius
1236 2915 1284 2981 in·

30 3009 320 3103 ¹fltlttcalamitatome
352 3019 472 3072 tantum
495 3029 633 3091 queror,
656 3009 791 3091 primum
816 3031 926 3074 eorum
949 3011 1066 3074 reditus
1089 3010 1283 3094 lnquinatos,

24 3106 112 3177 Νι
128 3124 243 3171 rausam
268 3101 393 3169 Caesar
411 3101 592 3166 dissimilem
613 3103 778 3179 iudicarit;
801 3103 911 3169 deinde
933 3092 1042 3169 nescio
1056 3125 1114 3169 cor
1129 3125 1192 3168 non
1207 3105 1285 3170 reli·

21 3182 68 3273 ᾗ
85 3189 303 3262 iientrihuas.
350 3198 462 3283 Neque
488 3197 569 3261 enim
595 3198 667 3279 plus
693 3220 785 3281 quam
811 3211 878 3262 trcs
904 3211 958 3262 aut
986 3210 1137 3284 quattuor
1169 3198 1285 3282 reliqui

21 3280 91 3345 fl?
120 3291 252 3377 Philipp.
275 3292 326 3357 ll.
349 3292 407 3368 38,
429 3290 483 3355 98.
516 3291 562 3355 cl.
584 3291 728 3375 Philipp.
752 3292 798 3357 V.
822 3293 859 3368 4,
886 3296 938 3357 ll.
1130 3387 1140 3402 .

132 3449 181 3515 Dc
202 3454 350 3516 Sinonis.

18 3570 29 3601 ‘·
74 3566 161 3645 ,Ecce
181 3586 285 3639 autem
309 3569 468 3637 Antonius
489 3583 619 3654 accepta
642 3574 752 3657 grandi
774 3575 906 3656 pecunia
929 3574 1001 3638 lixit
1022 3577 1122 3662 legem
1145 3597 1162 3639 a
1183 3574 1282 3639 dicta·

24 3648 182 3729 hastilis
196 3668 312 3741 latam,
336 3688 398 3751 qua
414 3665 513 3731 Siculi
536 3666 624 3730 cives
646 3665 805 3731 Romani:
830 3667 917 3732 cuius
932 3668 1073 3737 reivivo
1092 3670 1148 3735 illo
1166 3671 1281 3733 mentio

18 3740 84 3816 Ι·
111 3759 208 3837 Quint
241 3760 390 3826 Deiotari
416 3760 523 3825 nostri·
546 3780 639 3824 caussa
666 3782 728 3824 non
757 3760 890 3826 similis?
920 3763 1046 3848 Dignus
1076 3764 1129 3828 ille
1156 3763 1280 3847 quidem

19 3843 204 3936 *regum
241 3857 300 3921 sed
333 3876 396 3919 non
427 3875 487 3937 per
520 3855 679 3920 Fulviam.
724 3855 881 3919 Sescenta
914 3856 1059 3922 similia.”
1103 3859 1143 3920 ad
1171 3855 1278 3920 urite.

26 3924 150 4023 litu,
172 3954 203 4013 ι.

21 4086 272 4125 x-

49 4200 82 4291 ι9
100 4204 159 4264 llau
181 4210 250 4269 sebe
272 4228 301 4268 a.
323 4210 360 4270 B.
388 4231 446 4271 aur
471 4211 657 4291 Sigonius
684 4211 720 4270 de
746 4210 865 4271 iudiciis
892 4211 930 4270 ΙΙ.
952 4217 1000 4275 55.
1039 4211 1276 4271 Heineccius

18 4287 145 4359 &mutu
164 4293 248 4353 Rom.
272 4306 316 4355 to.
338 4303 383 4357 ta.
405 4301 429 4367 §-
452 4303 498 4359 68.
791 4350 798 4367 ,

28 4446 36 4457 ,
61 4369 132 4434 ’its
147 4381 212 4438 sind
230 4382 332 4451 Viele,
359 4383 473 4440 welche
496 4393 585 4440 nater
603 4380 759 4462 Bernfnng
779 4385 832 4441 anf
853 4383 900 4441 dic
927 4381 1132 4460 ansgehohcne
1156 4382 1280 4442 Cicero-

19 4457 124 4515 ΝΜ
138 4461 223 4523 Stella
243 4469 327 4525 nicht
346 4470 414 4526 eine
433 4468 483 4525 lex
505 4473 640 4525 Caesaris
657 4468 691 4520 de
710 4475 758 4536 vl,
786 4470 918 4527 sondern
942 4472 1007 4527 eine
1029 4469 1078 4527 lex
1096 4474 1228 4526 Caesaris
1246 4471 1280 4523 dr

19 4534 70 4586 rtet
83 4553 261 4604 antestare
281 4552 337 4629 (ala
357 4554 418 4609 ein
438 4552 559 4621 Gesetr.)
580 4551 765 4620 anoehrnen,
786 4572 815 4610 a.
840 4553 875 4611 B.
898 4554 1059 4611 Ernesti
1079 4554 1171 4612 claris
1192 4554 1279 4612 Cice-

19 4628 59 4671 tu.
74 4640 96 4680 t·
112 4627 154 4686 lex
170 4632 223 4693 Iul.
244 4634 281 4693 de
302 4640 330 4695 ri
349 4648 379 4695 et
397 4638 467 4695 inni.
494 4635 595 4694 Bach
620 4637 727 4693 histor.
755 4637 879 4714 iurispr.
901 4638 937 4695 ll.
959 4636 1006 4695 ed.
1028 4635 1223 4697 Stockmann.
1245 4658 1276 4715 p.

19 4702 66 4797 lli-¹
88 4708 170 4771 hilein
188 4717 292 4778 Cicero
311 4731 413 4779 trennt
431 4724 477 4797 ja,
498 4724 555 4779 wie
575 4739 629 4777 ans
649 4720 716 4777 dem
734 4719 813 4779 chen
832 4724 1038 4799 Angeliihnten
1057 4723 1180 4793 arhellt,
1201 4743 1278 4801 gana

19 4770 124 4879 lsslfltt
144 4799 188 4858 die
203 4803 252 4863 lex
270 4806 305 4860 da
322 4814 353 4861 ot
371 4826 432 4865 von
451 4806 506 4865 der
523 4806 573 4865 lex
591 4806 625 4858 de
645 4813 793 4861 massam
812 4807 874 4867 und
892 4808 1008 4886 spricht
1026 4827 1087 4867 von
1105 4812 1183 4883 leges
1203 4807 1278 4865 Cae·

20 4878 71 4927 ¹¹¹⁸
84 4879 134 4938 ul
148 4902 204 4945 ron
220 4891 291 4945 duae
308 4891 390 4970 leges
409 4891 471 4951 nod
489 4891 560 4947 duae
570 4894 783 4970 ‚quaestionem
