3490 5586
223 390 227 397 -
279 345 343 411 stt
683 345 834 412 INDEX
856 346 1208 411 FORMULARUM.

367 488 569 564 Comiter,
594 487 670 573 quid
691 488 731 553 sit
752 487 784 551 in
806 487 952 551 formulis
973 464 1152 551 foederum.
1187 507 1248 568 pro
1272 486 1375 550 Balbo
1401 487 1460 564 16,
1482 485 1537 550 36.

368 586 539 653 Comitia
569 582 765 647 aedilicia
787 582 924 645 leviora.
954 603 1016 664 pro
1040 580 1173 645 Plancio
1189 584 1232 658 t,
1258 584 1289 644 t.
1328 584 1401 647 cu.
1425 585 1463 657 t,
1491 583 1544 644 10.
1577 614 1609 625 —

284 681 458 747 Comitia
487 678 674 745 aedilicia
704 680 800 741 habet
825 675 951 740 consul.
986 696 1049 757 pro
1079 675 1212 739 Plancio
1243 676 1299 754 20,
1329 679 1380 742 49.
1425 679 1609 740 Vocrtac

141 816 144 835 .
231 812 233 818 ι
282 776 434 852 tribus,
465 776 588 838 laturo
614 771 876 856 suffragium,
910 767 1123 843 diribitae,
1161 771 1429 837 renuntiatae.
1473 770 1558 835 Ibid.

369 868 544 935 Comitia
566 865 806 949 pontificia.
829 886 891 946 pro
915 862 1028 927 Caelio
1049 863 1089 938 8,
1115 865 1167 927 19.

367 960 638 1028 Comitiorum
660 961 779 1025 ratio.
824 958 1114 1023 Eccellolabellae
1136 957 1394 1023 comitiorum
1418 960 1502 1023 dior:
1526 979 1613 1023 sor·

284 1057 382 1123 titio
414 1053 755 1141 praerogativae:
792 1052 925 1139 quiescit
957 1052 1132 1116 Antonius.
1177 1053 1473 1117 Renuntiatur:
1512 1063 1613 1117 tacet.

286 1151 421 1218 Prima
442 1149 590 1231 classis
614 1161 800 1223 vocatum
824 1146 1094 1220 renuntiatum
1125 1146 1238 1209 deinde
1254 1148 1314 1224 ita,
1333 1160 1368 1210 ut
1384 1149 1501 1211 assolet
1516 1149 1614 1227 (sex)

287 1243 505 1329 suffragiim
527 1257 593 1308 tum
616 1246 787 1307 secunda
811 1242 980 1315 classis3
1004 1262 1086 1326 quae
1102 1239 1205 1303 omnia
1223 1253 1297 1304 snm
1313 1241 1404 1304 citius
1419 1242 1502 1305 sacta
1520 1242 1614 1324 qdanr

288 1339 365 1403 dixi.
412 1337 572 1403 Confecto
602 1336 735 1422 negotio
764 1338 869 1401 bouus
891 1357 994 1421 augur
1018 1334 1116 1399 Atio
1140 1336 1217 1412 die,
1248 1336 1382 1420 inquit.·
1405 1336 1550 1419 Philipp.
1574 1336 1612 1412 2,

293 1434 351 1511 ³3,
383 1433 437 1496 82.

374 1525 460 1590 Huic
482 1528 557 1591 loco
577 1525 768 1589 declarando
787 1525 1013 1608 praemittenda
1034 1537 1106 1588 sunt
1124 1525 1224 1587 verba
1244 1524 1406 1588 Messalae
1429 1527 1514 1606 apud
1538 1523 1618 1587 Gel-

229 1606 236 1633 '
289 1614 365 1684 num
388 1618 433 1684 u.
457 1621 502 1685 n.
528 1620 585 1695 ss,
611 1620 663 1683 ss.
714 1617 915 1684 Minoribus
940 1620 1099 1682 arcanas
1119 1619 1382 1702 magistratibus
1402 1618 1543 1703 tessun
1562 1641 1619 1680 cs

290 1713 398 1779 nutus
426 1714 670 1797 magistratus,
701 1714 763 1776 scd
792 1714 919 1777 iustius
943 1714 1088 1777 curiata·
1107 1713 1215 1776 dutus·
1244 1716 1336 1796 lege,·
1369 1714 1517 1777 maiores
1539 1710 1619 1797 (tres
1712 1766 1713 1769 ,

288 1806 356 1875 scil.
379 1811 540 1885 consules,
573 1821 757 1892 praetores,
793 1811 977 1885 censores),
1011 1807 1215 1871 centuriatis
1236 1808 1385 1871 comitiis
1400 1806 1512 1884 βων.
1557 1808 1623 1871 Sed

290 1920 332 1965 er
364 1901 431 1966 aliis
458 1922 588 1987 qiroque
614 1902 803 1966 testimoniis
825 1912 1025 1982 compertum
1060 1903 1211 1964 habemus
1237 1900 1384 1964 consides
1412 1900 1619 1973 centuriatis,

289 2016 354 2059 non
379 1995 510 2059 tributis
540 1995 676 2059 comitiis
706 2006 831 2059 creatos
861 2015 947 2067 essc;
977 2016 1082 2079 neque
1108 1995 1141 2059 id
1167 1996 1330 2081 qnisquam
1357 1994 1509 2079 negavit3
1542 1994 1622 2059 illud

291 2092 454 2153 dumtaxat
468 2092 662 2154 contendunt
677 2089 890 2153 recentiorum
908 2091 1070 2173 plerique,
1096 2090 1251 2155 'tullianis
1269 2088 1467 2172 temporibus
1481 2090 1623 2153 tribuum

290 2183 450 2269 ingentem
473 2184 582 2247 neseio
608 2204 701 2267 quem
723 2184 785 2246 vim
812 2183 909 2247 sitisse
936 2185 1027 2247 etiam
1055 2185 1083 2246 iu
1111 2184 1293 2248 centuriatis
1317 2183 1468 2257 comitiis;
1502 2204 1564 2264 qur
1591 2181 1622 2244 iu

291 2277 324 2341 ri
349 2289 452 2342 tamen
479 2278 652 2342 definienda
676 2278 709 2341 in
740 2278 798 2341 alia
824 2280 929 2341 omnia
958 2277 1020 2341 viri
1049 2278 1135 2342 docti
1164 2278 1339 2341 discedunt.
1395 2275 1480 2341 Milri
1508 2286 1623 2340 contra

291 2370 434 2446 videtur,
458 2371 669 2457 proximeque
690 2375 729 2436 ad
749 2394 859 2435 verum
879 2374 1047 2436 accessisse
1063 2394 1179 2436 censeo
1196 2375 1358 2436 Bonerum
1378 2371 1410 2437 io
1429 2375 1620 2436 Commeat.

293 2465 336 2528 de
362 2465 513 2530 comitiis
541 2469 778 2531 Romanorum
805 2467 1019 2532 centuriatis.
1069 2466 1262 2531 Menanterii
1286 2466 1379 2529 1833.
1404 2467 1449 2532 4⁰.
1492 2465 1622 2528 Etenim

292 2568 363 2623 mtm
389 2560 454 2624 boc
478 2559 550 2624 viro
572 2563 669 2624 docto
696 2572 819 2624 etcum
841 2562 1029 2625 Hermanno
1052 2561 1082 2623 in
1105 2563 1169 2643 Ep.
1197 2565 1235 2623 ad
1259 2560 1495 2624 Steinaclterusn
1521 2559 1553 2620 in
1583 2578 1624 2620 eo

293 2676 377 2718 nunc
403 2653 589 2730 consentio,
620 2666 654 2718 ut
682 2666 816 2718 statuam
845 2658 999 2740 integram
1033 2678 1102 2718 esse
1133 2654 1298 2719 lectionem
1324 2676 1342 2717 a
1367 2655 1503 2718 sectmda
1529 2673 1625 2715 manu

293 2747 326 2812 in
351 2747 557 2812 vexatissimo
582 2749 637 2811 illo
659 2750 734 2814 loco
760 2748 833 2813 Cic.
860 2753 898 2813 dc
923 2752 1008 2832 Rep.
1032 2753 1068 2827 2,
1094 2751 1147 2813 22.
1176 2750 1284 2833 ibique
1309 2748 1449 2813 describi
1474 2768 1543 2811 eam
1569 2767 1627 2810 co·

294 2841 452 2906 mitiorum
480 2832 728 2906 centuriatorum
760 2844 914 2920 formam,
947 2867 1007 2929 qua
1034 2847 1204 2909 utebantur
1236 2844 1395 2926 Scipionis
1424 2842 1626 2924 temporibus

295 2949 390 3022 atquc
408 2935 473 2998 ian
498 2948 569 2998 ante
590 2957 679 3013 eum,
702 2936 842 3002 sortasse
865 2950 938 3021 post
959 2962 990 3002 a.
1015 2939 1111 3013 533..
1136 2960 1280 3021 quaeque
1302 2949 1428 3001 servata
1452 2948 1501 3000 cst
1524 2957 1628 3020 usqne

295 3032 336 3094 ad
356 3029 476 3094 liberae
503 3028 551 3092 rei
576 3030 723 3112 publicae
747 3029 922 3096 interitum.
968 3034 1048 3096 Sunt
1076 3045 1178 3095 alitem
1204 3035 1281 3095 haec
1307 3030 1476 3097 Ciceronis
1501 3031 1624 3094 verba:

224 3185 232 3196 ,
295 3129 392 3209 Quae
414 3123 600 3206 descriptio
621 3123 848 3209 (comitiorum)
870 3128 901 3189 si
927 3140 1017 3191 esset
1043 3127 1166 3211 ignoto
1194 3128 1306 3203 uobis,
1340 3124 1582 3211 explicaretur
1605 3147 1627 3187 o

295 3238 361 3282 me.
405 3219 509 3282 Nunc
533 3218 702 3282 rationem
725 3219 846 3283 uidetis
867 3242 942 3284 esse
963 3224 1084 3297 talem,
1108 3234 1147 3284 ut
1168 3222 1320 3307 equitum
1344 3219 1523 3285 centuriae
1550 3240 1622 3282 curs

295 3328 359 3374 sert
381 3307 565 3399 sufflogiis
587 3325 621 3376 et
642 3314 759 3395 primu
781 3314 902 3377 classis
924 3316 1046 3383 addito
1070 3318 1355 3400 certatim-quoe
1380 3317 1427 3378 od
1451 3333 1618 3378 summm

296 3426 399 3469 usum
412 3405 505 3468 urbis
512 3403 639 3496 fabris
650 3408 812 3492 tignariis
827 3420 879 3470 cst
890 3409 990 3483 data,
1017 3412 1271 3477 LXXXVIIII.
1293 3411 1466 3474 centurias
1484 3413 1625 3479 nassau

298 3499 421 3585 quibus
443 3521 490 3561 ex
515 3513 650 3564 centum
674 3513 840 3586 quattuor
863 3503 1030 3567 centsuiis
1052 3503 1121 3585 (tot
1145 3506 1236 3571 euim
1259 3505 1409 3589 reliquae
1430 3504 1530 3586 sunt)
1553 3515 1632 3568 octo

299 3594 394 3657 solue
414 3592 447 3655 ai
468 3608 701 3672 accesserunt,
733 3593 895 3686 confecta
923 3609 975 3659 est
998 3599 1048 3661 vis
1071 3599 1193 3681 pepedi
1218 3600 1397 3671 universo5
1428 3594 1632 3682 reliquoque

288 3689 407 3751 'multo
432 3685 544 3750 maior
568 3690 753 3753 multitudo
775 3712 841 3752 sex
862 3703 895 3753 et
917 3692 1110 3777 nonaginta
1132 3695 1367 3757 centuriarum
1385 3713 1493 3776 neque
1508 3693 1634 3753 exclu-

300 3780 441 3845 deretur
461 3783 665 3876 suffragiis,
690 3804 731 3844 ne
752 3783 936 3866 superbum
961 3799 1069 3858 esset,·
1097 3808 1156 3850 nec
1179 3790 1305 3850 voleret
1327 3785 1449 3859 nimis,
1478 3805 1520 3846 ne
1542 3802 1635 3854 esset

269 3912 276 3917 -
295 3875 538 3959 periculosum.
580 3879 678 3960 Apud
699 3875 892 3941 Ciceronem
914 3879 1013 3962 igitur
1034 3881 1118 3943 nulla
1140 3879 1269 3945 omnino
1291 3879 1327 3943 fit
1349 3879 1487 3942 tribuum
1510 3877 1632 3940 mentio

298 3968 330 4032 in
352 3973 489 4036 comitiis
516 3970 711 4036 centuriatis.
756 3973 836 4047 Sed,
865 3973 984 4056 inquit,
1018 3976 1102 4055 apud
1130 3973 1257 4035 Livium
1284 3973 1442 4038 minimum
1472 3970 1534 4033 tria
1561 3973 1632 4033 eius

299 4062 346 4126 rei
366 4066 551 4148 gravissima
573 4077 698 4137 exstent
719 4066 918 4130 testimonia:
943 4067 1064 4131 scilicet
1087 4068 1144 4143 24,
1170 4069 1201 4130 7.
1226 4071 1272 4145 (a.
1296 4088 1329 4131 u.
1353 4089 1384 4131 e.
1409 4069 1470 4131 540
1492 4066 1631 4145 Varr.):

300 4160 386 4222 (lum
412 4180 490 4223 sors
512 4159 781 4244 praerogatiuae
812 4161 957 4224 Aniensi
983 4161 1160 4225 iuniorum
1188 4162 1317 4227 exisset
1339 4182 1445 4247 eoque
1471 4163 1514 4224 Τ.
1544 4160 1635 4224 Oto·

299 4251 434 4330 cilium,
466 4258 522 4320 M.
551 4255 736 4320 Aemilium
764 4255 938 4338 Regillum
966 4260 1120 4322 consules
1149 4256 1294 4330 diceret,
1333 4267 1408 4319 tum
1435 4259 1477 4338 Q.
1504 4253 1635 4318 fficio

299 4344 436 4410 silentio
449 4345 562 4438 sueto
586 4348 651 4413 tati
671 4346 829 4413 oratione
849 4362 901 4411 est
923 4370 1025 4424 usus,
1056 4372 1117 4433 qua
1140 4350 1304 4426 dissuasit,
1337 4371 1376 4414 ne
1402 4352 1446 4414 Τ.
1472 4346 1635 4411 Otacilius

300 4441 413 4502 consul
435 4454 615 4516 crearetur,
640 4442 789 4526 cuiusque
810 4443 920 4505 ultima
944 4444 1041 4507 verba
1064 4446 1143 4507 hacc
1166 4457 1254 4509 sunt:
1275 4466 1422 4528 praeco,
1448 4441 1638 4506 Aniensem

234 4592 251 4619 l
300 4530 476 4598 iuniorum
490 4536 526 4598 in
540 4534 754 4627 srpffrogium
770 4558 904 4601 reuoca.
925 4572 966 4584 -
988 4539 1045 4614 26,
1071 4538 1124 4602 22.
1147 4542 1190 4618 (a.
1215 4561 1247 4602 u.
1272 4560 1301 4601 c.
1324 4541 1399 4602 544.
1422 4531 1539 4620 Varr.)
1560 4552 1638 4597 cure

297 4630 547 4711 praerogatiua
576 4630 722 4696 Veturia
744 4631 920 4695 iuniorum
949 4652 1035 4696 coss.
1055 4634 1251 4715 *declamsset
1282 4636 1325 4698 T.
1359 4630 1514 4697 Manlium
1547 4630 1638 4693 'sor-

302 4729 429 4801 quatum
453 4732 485 4783 et
508 4726 552 4789 Τ.
573 4725 765 4803 Otacilium,
797 4727 891 4810 idque
913 4725 1053 4790 Manlius
1076 4726 1144 4811 ipse
1167 4727 1382 4802 dissuasisset,
1413 4724 1551 4789 Veturia
1579 4722 1638 4786 illa

301 4812 478 4899 iuniorum·
503 4819 637 4896 consitio
661 4819 740 4893 inite
763 4842 834 4919 etim
857 4819 994 4923 Veturia
1013 4822 1194 4914 seniorum,
1231 4824 1284 4895 Μ.
1309 4821 1501 4896 Marcellum
1524 4829 1558 4905 et
1578 4817 1622 4905 Μ
