3328 5576
451 351 881 423 GRAECO-LATINUS.
928 382 935 399 .
1294 359 1335 425 ts

51 498 114 586 qni,
128 519 183 563 ean
196 495 320 562 vellete
340 494 408 561 vita
430 515 491 579 per
515 494 649 561 inediam
673 496 837 561 discedere
862 508 894 561 et
915 498 956 561 ab
977 494 1085 562 amicis
1105 509 1333 578 revocaretur,

52 595 87 658 iia
101 594 264 676 respondens
285 590 551 654 vitaehumanae
572 591 774 655 incommoda
796 605 974 657 enumerat.
1017 594 1101 659 Ean.

116 684 404 762 Ἀπολααιάτανος,
437 684 548 749 ciuilis
566 685 831 769 gubernationis
848 687 1002 769 maxime
1024 709 1171 771 expers,
1199 689 1252 753 rei
1266 709 1336 773 pu·

52 784 131 846 llicae
152 782 314 867 gerendae
339 780 485 844 inscius.
535 778 667 862 „Quem
691 801 755 865 ego
779 779 940 845 hominem
963 781 1244 849 ἀπολαικώτατον
1267 803 1336 847 om·

49 876 111 940 tina
131 875 184 940 iam
207 887 275 940 ante
302 896 507 961 cognoram,
540 894 626 937 nunc
656 895 736 939 vero
765 875 859 939 etiam
887 875 1251 966 ἀοτρατηγικάτατον.”
1285 868 1337 941 ¹ad

44 972 101 1035 aa.
118 970 206 1034 vttt.
227 973 284 1046 16,
309 971 343 1034 1.

106 1066 333 1150 Ἀπολογνομὸν
359 1062 580 1146 σνντάξομαι,
612 1059 852 1153 defensionem
876 1086 1092 1148 componam.
1136 1067 1236 1153 „Ego
1253 1088 1335 1133 vero

41 1156 118 1220 isto·
142 1161 362 1246 ἀπολογισμὸν
383 1158 602 1241 ονντάξομαι,
633 1158 690 1220 sed
712 1158 752 1220 ad
774 1179 886 1223 eorum
906 1158 1058 1243 aliquem,
1090 1160 1207 1245 quibus
1228 1160 1336 1225 invitis

42 1251 309 1319 etditsuadentssaus
330 1254 502 1338 profectus
524 1249 635 1315 sum.’'
679 1252 719 1314 ad
737 1252 810 1316 Att.
837 1254 938 1319 xvt.
963 1259 999 1330 7,
1024 1255 1056 1318 3.
1124 1303 1127 1308 -

107 1350 400 1437 Ἀποπροηγμένον,
433 1347 617 1422 reiectum,
654 1346 898 1411 reiectaneum.
954 1349 1130 1431 „Itemque
1161 1347 1236 1412 hinc
1266 1369 1337 1414 esse

41 1439 106 1504 illud
124 1456 274 1520 mortum,
304 1445 395 1530 quod
417 1443 511 1506 Zeno
533 1453 754 1528 προηγμένον,
784 1453 964 1525 contraque
993 1444 1080 1525 quod
1105 1445 1337 1531 ἀποπροηγμέ-
1376 1516 1379 1531 ,

42 1560 89 1601 νον
107 1537 279 1616 ruminavit,
314 1559 388 1601 cum
407 1547 553 1599 uteretur
573 1534 606 1598 in
624 1535 733 1618 lingua
756 1536 890 1618 copiosa
910 1536 1004 1600 factis
1025 1548 1130 1600 tamen
1156 1539 1336 1603 nominibus

42 1649 72 1693 ac
90 1629 184 1695 norb.
203 1668 242 1681 -
259 1664 301 1677 -
322 1664 367 1676 —
389 1632 435 1696 Ut
456 1630 561 1706 enim,
590 1629 711 1713 inquit,
735 1651 829 1694 neruo
849 1628 925 1695 dicit
943 1629 974 1693 in
993 1630 1081 1715 regia
1104 1652 1215 1717 regem
1234 1631 1337 1713 ipsum

43 1725 117 1805 quasi
130 1727 319 1808 productam
338 1746 409 1789 esse
424 1726 466 1787 ad
480 1723 664 1808 dignitatem
686 1726 738 1804 (id
753 1725 833 1788 enim
850 1735 899 1787 est
917 1728 1165 1812 προηγμένον),
1189 1728 1245 1789 sed
1260 1746 1334 1803 eos,

44 1817 132 1899 quiin
147 1819 240 1905 aliquo
255 1823 381 1885 honore
403 1819 484 1894 sint,
512 1839 649 1903 quorum
679 1822 762 1884 ordo
782 1818 931 1902 proxime
956 1819 1099 1896 accedit,
1123 1831 1157 1882 ut
1181 1823 1337 1884 secundus

45 1910 79 1973 sit
100 1915 135 1974 ad
156 1918 264 1998 regium
290 1915 530 1999 principatum:
568 1913 614 1975 sic
641 1912 671 1975 in
701 1914 765 1977 vita
793 1935 857 1977 non
888 1934 945 1988 ea,
980 1935 1062 1997 quae
1084 1914 1238 1997 primario
1261 1915 1337 1981 loco

48 2018 124 2081 emt,
142 2010 192 2070 sed
208 2030 258 2084 ea,
280 2029 362 2094 quae
383 2008 553 2072 secundum
577 2007 683 2070 locum
705 2007 868 2083 obtinent,
887 2023 1094 2097 προηγμένα,
1117 2008 1150 2072 id
1168 2022 1231 2087 est,
1253 2031 1338 2093 pro·

51 2099 139 2163 druto
155 2104 349 2167 nominentur.
395 2102 487 2182 Quae
505 2100 559 2164 vel
578 2099 619 2162 ita
645 2102 842 2183 appellemus
865 2101 910 2181 (id
933 2105 995 2166 erit
1015 2104 1153 2166 verbum
1172 2125 1189 2168 e
1209 2107 1337 2184 verbo),

56 2192 263 2275 telpromota‚
290 2199 359 2275 vel,
389 2207 427 2259 nt
447 2197 564 2259 dudum
588 2194 743 2271 diximus,
768 2198 974 2280 praeposito
993 2196 1044 2260 vel
1066 2197 1274 2281 praecipua,
1305 2208 1338 2261 et
1422 2194 1427 2201 '

61 2282 111 2345 illa
133 2287 246 2352 reiecto.
291 2294 339 2357 lle
367 2292 449 2355 enim
474 2289 635 2353 intellecta
663 2288 694 2353 in
721 2293 898 2354 verborum
927 2312 985 2355 usu
1011 2291 1121 2355 faciles
1147 2312 1218 2355 esse
1243 2293 1340 2357 debe,-

68 2376 162 2441 tnt·”
198 2381 412 2452 ternant.
438 2385 495 2461 15,
515 2385 553 2448 51
579 2415 618 2430 -
644 2385 704 2459 16,
730 2386 785 2448 52.
808 2416 850 2429 -
893 2386 1001 2463 ,lsta,
1033 2406 1113 2467 quae
1136 2384 1337 2460 dixisti,va·

70 2466 141 2543 ¹⁸⁸·
160 2471 322 2556 locupletem
341 2502 424 2556 esse,
446 2501 512 2544 non
536 2479 665 2553 dolere,
690 2479 776 2541 bona
802 2501 866 2543 non
893 2479 983 2554 dico,
1008 2481 1064 2541 sed
1085 2478 1185 2540 dicam
1213 2478 1339 2541 Graece

66 2579 247 2648 προηγμένας
275 2574 396 2651 (Latine
419 2586 524 2637 autem
547 2572 739 2655 prodacta:
768 2574 824 2634 sed
845 2572 1052 2656 praeposita
1073 2582 1127 2633 aut
1149 2571 1340 2654 praecipita

65 2658 156 2731 ffl2¹⁰3
174 2661 211 2722 tic
228 2666 404 2734 tolerabilius
423 2683 453 2732 et
473 2667 621 2745 mollius)
642 2665 695 2728 illa
718 2678 840 2742 etitem,
866 2669 1030 2741 morbum,
1066 2678 1258 2748 egestatem,
1282 2668 1341 2731 do·

67 2748 168 2827 101011,
185 2778 239 2822 nor
258 2766 375 2846 appello
398 2764 498 2841 mala,
521 2764 593 2835 sed,
615 2760 643 2824 si
668 2759 760 2837 libet,
785 2761 981 2824 reiectanea
1002 2762 1338 2845 (ἀποπροηγμένα).”

67 2844 101 2905 de
116 2845 189 2913 fian.
208 2854 263 2918 lV.
285 2858 341 2933 26,
372 2860 422 2923 72,
449 2895 486 2906 -
537 2857 677 2940 „ltaque
705 2856 823 2917 nullum
850 2867 898 2920 est
926 2859 1218 2939 ἀποπροηγμένον,
1252 2856 1340 2938 quod

62 2957 115 3001 oon
132 2948 260 3011 rerear.''
279 2956 315 3016 ad
338 2954 432 3018 Fam.
455 2954 519 3017 [X.
544 2955 580 3026 7,
606 2950 637 3014 2.
658 2983 700 2996 -
745 2948 847 3013 Stoici
869 2970 939 3012 cum
959 2949 1079 3014 nollent
1102 2949 1180 3013 boni
1202 2951 1339 3034 malique

57 3031 116 3098 loto
137 3058 243 3119 ponere
267 3048 438 3133 quidquam
468 3056 597 3130 praeter
619 3044 768 3107 virtutem
793 3055 825 3106 et
846 3043 1092 3128 turpitudinem,
1123 3054 1246 3107 ceteras
1267 3065 1337 3121 res,

53 3127 146 3210 quibus
163 3154 218 3198 non
236 3153 339 3220 potest
363 3145 475 3206 eodem
500 3143 595 3205 modo
618 3137 738 3201 animus
761 3140 914 3202 humanus
938 3137 1082 3212 amoveri,
1106 3147 1266 3221 tamquam
1284 3160 1339 3201 va·

52 3220 189 3289 letudioem
209 3247 340 3312 rectam,
379 3238 546 3311 morbum,
578 3233 748 3308 dolorem,
783 3233 999 3316 voluptatem,
1033 3230 1149 3308 vitam,
1185 3247 1338 3308 mortem,

50 3314 165 3397 divitias,
185 3343 399 3412 paupertatem
417 3343 481 3394 cet.
504 3327 737 3393 distribuebant
759 3326 788 3389 in
804 3340 993 3413 προηγμένα
1009 3339 1041 3390 et
1062 3328 1338 3413 ἀποπροηγμένα,

49 3410 75 3471 h·
93 3433 118 3475 t·
137 3416 256 3502 dignas,
291 3446 376 3511 quae
398 3427 617 3511 deligerentur
640 3424 693 3487 rel
715 3425 975 3507 repudiarentur,
1015 3432 1050 3484 ut
1074 3442 1105 3485 ν.
1128 3442 1159 3483 c.
1192 3422 1340 3485 valetudo

48 3519 116 3571 ‘0⁸¹²
134 3533 323 3602 προηγμένον
350 3533 455 3597 esset,
479 3520 610 3583 morbus
631 3522 914 3608 ἀποπροηγμένον.
955 3516 1041 3581 Etru.

110 3605 259 3695 Ἀπορία,
289 3615 476 3680 dubitatio.
529 3614 665 3698 ,ltaque
695 3635 712 3676 a
742 3626 773 3676 te
797 3613 873 3676 nihil
896 3612 968 3674 ditm
992 3607 1074 3674 certi
1096 3607 1250 3692 exquiro,
1283 3610 1342 3672 sed

53 3693 108 3773 llid
125 3700 265 3773 rideatur.
320 3710 472 3795 Denique
495 3708 594 3789 ipsam
617 3711 764 3793 ἀπορίαν
790 3719 875 3771 tuam
898 3704 994 3788 cupio
1017 3705 1257 3790 cognoscere.''
1301 3704 1341 3766 ad

59 3788 109 3851 ltu
125 3794 194 3861 Vll.
217 3804 273 3880 12,
298 3807 334 3869 b.
360 3835 397 3848 —
457 3804 571 3887 „Mira
595 3823 642 3866 me
665 3805 792 3889 ἀπορία
822 3812 964 3884 torquet.
973 3797 992 3827 ’'
1017 3800 1055 3862 ad
1078 3802 1149 3865 Att.
1170 3797 1256 3863 Vll.
1279 3796 1338 3872 21,

62 3877 127 3941 b*
157 3894 268 3973 ,Quod
290 3898 411 3963 scribis
433 3911 464 3961 te
486 3896 629 3972 nescire,
655 3895 730 3981 quid
753 3895 873 3961 nostris
894 3894 1080 3959 faciundum
1102 3894 1166 3955 sita
1197 3890 1257 3952 iam
1273 3887 1341 3971 pri·

63 3972 235 4051 deaaeilla
261 3999 396 4079 ἀπορία
418 3989 610 4057 sollicitat.'’
664 3992 703 4052 ad
730 3991 802 4083 Att„
822 3990 905 4055 XV.
929 3989 972 4064 t,
1004 3987 1035 4051 2.
1057 4019 1099 4032 -
1141 3984 1342 4068 „Nunquam

56 4071 188 4152 dmm
204 4095 338 4179 νωμᾳ
356 4086 439 4151 ute
462 4088 501 4149 aa
523 4087 594 4149 aar.
616 4084 718 4150 xvt.
739 4085 777 4160 s,
804 4085 836 4148 ν.

118 4178 246 4269 Ἀπορό,
283 4184 421 4249 dubito.
467 4180 597 4264 „Quale
623 4178 682 4242 tibi
705 4177 869 4244 eonsilium
895 4173 1044 4258 Pompeii
1065 4170 1221 4237 videtur?
1263 4173 1341 4257 Ego

48 4265 274 4363 ιιὶιᾱιρων
322 4280 364 4341 aa
385 4279 458 4341 Αιι.
481 4275 566 4338 vu.
591 4275 652 4349 tt,
688 4272 721 4336 s.
745 4303 786 4316 -
828 4271 939 4353 „outa
959 4269 1005 4346 st,
1040 4267 1162 4353 inquis,
1196 4265 1342 4349 Leptam

48 4364 231 4438 tholeatins
255 4369 454 4438 discedunt?
478 4368 573 4451 plane
595 4365 749 4452 ἀπορῶ.”
772 4368 811 4429 ad
833 4366 906 4428 Att.
930 4365 995 4429 lx.
1020 4366 1078 4441 10,
1104 4366 1198 4428 7.-
1221 4361 1343 4437 ,Ναοο

46 4466 126 4525 *Μ
142 4468 271 4555 ἀπορῶ,
299 4488 368 4552 qno
392 4487 441 4529 me
462 4460 626 4527 vertam.”
649 4464 688 4524 ad
712 4463 783 4524 nu.
806 4460 908 4524 XIII.
931 4459 990 4539 13,
1012 4459 1045 4521 2.

106 4558 408 4647 ’dammandum
425 4552 656 4652 fragmenta.
679 4555 796 4636 ¹„Sunt
818 4564 984 4636 praeterea
1007 4555 1086 4616 duae
1108 4552 1226 4616 breves
1248 4550 1345 4625 (ora-
1427 4614 1430 4631 ⁸

25 4704 26 4739 ,
47 4640 141 4729 20161)
158 4657 243 4737 quasi
267 4654 541 4737 ἀποοπασμάνια
567 4648 647 4732 legis
669 4645 852 4734 agrariae.’'
897 4648 937 4708 ad
959 4645 1032 4709 Au.
1056 4645 1105 4710 Il.
1133 4649 1168 4722 1,
1193 4645 1226 4708 3.

25 4796 26 4799 ¹
105 4746 325 4835 Ἀπόνουγμα,
359 4748 434 4832 spei
445 4743 669 4839 frustratio,
698 4740 831 4834 infelix
860 4757 1051 4805 successus.
1106 4735 1359 4820 {Ammona

27 5130 36 5519 l

49 4827 283 4911 lut-itonam«)
307 4842 406 4909 etiam
428 4837 679 4906 malevolentiam
694 4836 877 4912 hominum
900 4844 932 4897 et
952 4834 1070 4912 timeo,
1095 4854 1135 4897 ue
1156 4830 1202 4894 illi
1223 4849 1273 4893 me
1291 4848 1344 4891 ac·
