3220 5572
303 355 365 417 ttt
782 350 933 418 INDEX
952 351 1137 419 LEGUM.
1207 296 1227 431 j

589 519 758 588 Ceramia
780 520 823 586 de
843 522 884 589 P.
906 521 1004 589 Stella
1023 532 1057 585 et
1078 523 1121 587 P.
1141 518 1326 584 Autronio.

388 679 459 761 „Aa
485 677 566 742 enim
593 678 709 763 (inquit
734 680 778 743 L.
804 680 1003 765 Torquatus)
1028 688 1060 741 et
1086 676 1280 763 gladiatores
1306 688 1338 741 et
1362 676 1460 742 omnis
1478 677 1527 741 ista
1545 676 1578 741 tls

302 773 480 859 rogationis
498 774 663 839 Caeciliae
684 794 779 837 causa
797 773 1076 855 comparabantur.
1099 802 1140 815 -
1161 777 1271 855 Atque
1289 770 1320 833 in
1343 773 1404 836 boe
1423 772 1491 835 loco
1508 771 1534 834 in
1548 774 1578 835 b.

302 867 487 936 Caecilium
510 868 709 929 veliementer
727 866 871 930 invectus
898 877 964 929 est:
987 864 1076 928 cuius
1101 886 1163 949 ego
1189 868 1229 929 de
1249 864 1367 929 virtute
1388 876 1419 929 et
1437 861 1580 928 constantis

301 972 422 1025 tantum
445 959 535 1023 dieo:
559 960 653 1022 talem
677 958 812 1023 huncio
837 958 894 1022 ista
919 957 1109 1043 rogatione,
1132 978 1226 1042 quam
1251 957 1464 1043 promulgarit
1484 957 1579 1019 nmde

302 1055 444 1118 tollenda
465 1054 522 1116 sed
543 1055 582 1115 de
603 1053 734 1115 levanda
754 1051 926 1115 calamitate
942 1051 1051 1115 fratris
1073 1051 1119 1115 sui
1136 1054 1189 1130 (P.
1208 1052 1329 1132 Sullae)
1347 1051 1460 1128 sitisse,
1481 1060 1512 1113 ut
1526 1070 1579 1115 esu·

304 1148 421 1212 sultum
443 1167 513 1209 esse
538 1145 675 1209 voluerit
695 1145 806 1221 fratri,
832 1166 903 1208 cum
923 1165 960 1208 te
987 1144 1112 1226 publica
1133 1166 1275 1230 pugnare
1293 1144 1452 1219 noluerit3
1473 1142 1580 1227 pronul-
1601 1146 1602 1165 ¹

305 1241 392 1326 garit
418 1239 569 1321 impulsus
593 1259 701 1303 amore
729 1239 888 1316 iraterno,
922 1240 1077 1302 destiterit
1102 1239 1210 1302 fratris
1237 1238 1426 1303 auctoritate
1452 1239 1602 1309 deductus„

192 1400 195 1405 ,
304 1337 414 1417 Atque
435 1335 465 1395 in
491 1353 527 1394 ea
548 1353 584 1395 re
606 1354 664 1413 per
679 1333 721 1396 L.
736 1330 910 1397 Caecilium
929 1332 1015 1396 Sulla
1037 1344 1217 1408 accusatur,
1243 1333 1273 1395 in
1296 1352 1358 1416 qua
1374 1352 1411 1394 re
1425 1342 1470 1393 est
1483 1339 1581 1409 uterque
1601 1356 1602 1381 l

304 1427 488 1490 laudandus.
532 1425 672 1490 Primum
694 1424 886 1501 Caecilium,
906 1426 959 1510 qui
979 1424 1010 1488 id
1025 1424 1251 1508 promulgarit,
1271 1423 1302 1487 iu
1321 1446 1386 1510 quo
1403 1444 1454 1486 res
1467 1422 1582 1486 iudicatu
1601 1420 1602 1471 l

305 1520 474 1584 videbatur
490 1520 626 1582 voluisse
644 1521 840 1594 rescindere,
858 1530 892 1582 ut
907 1528 1117 1594 statueretur,
1140 1519 1227 1582 Sulla
1245 1530 1333 1581 recte
1344 1516 1582 1601 reprehendit·-

305 1615 353 1679 Aa
375 1611 451 1676 nibil
473 1615 512 1675 de
531 1612 648 1676 iudicio
668 1611 792 1676 serebat
815 1611 1019 1692 (Caecilius),
1043 1614 1099 1674 sed
1126 1632 1260 1694 poenam
1286 1611 1421 1676 ambitus
1443 1610 1582 1679 auferebat,

304 1725 388 1791 quac
409 1705 514 1775 fuerat
534 1706 752 1788 superioribus
780 1707 903 1790 legibus
925 1704 1111 1769 constituta.
1155 1705 1266 1790 ltaque
1285 1706 1345 1770 hac
1366 1706 1525 1790 rogatione
1543 1722 1583 1764 rot

245 1804 248 1809 '
306 1799 443 1864 iudicum
465 1799 666 1875 sententiam,
690 1802 747 1862 sed
767 1799 846 1883 legis
870 1797 978 1863 vitium
999 1798 1200 1882 corrigebata
1224 1819 1316 1864 nemo
1341 1798 1486 1863 iudicium
1507 1815 1584 1876 repu-

307 1892 432 1969 bendit,
457 1915 528 1957 cum
553 1895 591 1956 de
619 1914 721 1975 poena
747 1893 909 1978 qtteritur,
934 1893 990 1955 sed
1015 1893 1136 1976 legem.
1180 1892 1352 1957 Damnatio
1375 1892 1456 1956 enim
1475 1901 1517 1954 est
1534 1886 1585 1952 iudi-

194 2046 197 2051 .
307 2008 397 2064 cum,
422 2007 501 2070 quae
521 1989 682 2061 manebam
716 1998 817 2069 poena
842 1985 940 2072 legis,
965 2006 1045 2071 quae
1069 1979 1339 2049 levabatur.-'--··
1381 1989 1456 2051 Lex
1479 1978 1587 2048 diesluit

307 2080 475 2163 proposita
498 2101 633 2162 paucos3
656 2079 735 2145 istri
754 2091 869 2161 coepta
894 2101 1071 2166 utinquamt
1103 2079 1244 2162 deposita
1269 2090 1317 2144 est
1337 2080 1368 2144 in
1391 2092 1510 2144 senatu.
1543 2076 1586 2139 lit·

308 2175 407 2237 leudis
425 2175 502 2238 ·Ian.
532 2194 602 2237 cum
630 2173 660 2236 in
690 2171 883 2254 Capitolium
908 2194 968 2236 nos
989 2183 1128 2236 sanatum
1154 2194 1442 2246 convocassemus,
1473 2170 1538 2237 nihil
1558 2177 1587 2229 ut

308 2279 413 2330 actum
439 2269 547 2349 prius,
572 2280 603 2329 et
623 2266 656 2329 id
677 2269 822 2328 mandatu
845 2254 951 2329 Sulln'e
972 2266 1015 2348 Q.
1040 2267 1189 2330 llletellus
1211 2279 1342 2349 praetor
1362 2289 1397 2330 se
1419 2265 1504 2350 loqui
1520 2256 1602 2331 tiait'

309 2361 427 2423 Sullam
448 2360 533 2424 illam
557 2361 756 2445 rogationem
774 2363 820 2446 ¹ele
841 2381 876 2423 sc
894 2360 980 2422 nolle
1000 2359 1114 2423 serri.''
1147 2381 1207 2442 pro
1227 2361 1313 2424 Sulla
1336 2382 1368 2424 c.
1391 2362 1433 2424 92
1455 2382 1499 2446 sq.

392 2458 435 2519 L.
458 2453 627 2518 Caecilius
648 2450 802 2543 (Rufus)
824 2452 969 2517 tribunus
990 2453 1093 2537 plebis
1111 2452 1241 2517 consule
1265 2452 1427 2518 Cicerone
1447 2476 1474 2519 a.
1493 2474 1521 2514 n.
1538 2445 1602 2511 uls

215 2570 218 2579 ·
308 2546 381 2611 tulit
402 2548 444 2611 ds
465 2547 596 2610 ambitu
616 2548 738 2631 legem,
763 2568 824 2631 quia
846 2548 912 2610 eius
934 2568 1038 2629 poena
1061 2546 1316 2622 imminueretur,
1344 2558 1378 2611 et
1400 2570 1438 2612 ea
1456 2542 1586 2610 constitu·

308 2653 415 2718 retur,
450 2662 531 2724 quae
553 2652 623 2709 ante
649 2640 826 2724 proximam
854 2642 956 2724 legem
982 2640 1104 2703 luisset.
1148 2642 1231 2704 Nam
1259 2661 1330 2704 cum
1364 2641 1466 2706 irater
1491 2637 1545 2698 eius
1564 2628 1602 2715 itt

310 2733 428 2798 ambitu
450 2755 523 2797 reus
543 2735 645 2799 laetias
668 2738 956 2819 condemnatosque
978 2745 1078 2806 esset,
1102 2736 1181 2796 adeo
1201 2755 1298 2818 aegre
1320 2734 1393 2799 tulit
1416 2751 1483 2794 eam
1502 2732 1602 2811 potltl

308 2828 529 2903 acerbitatem,
554 2849 634 2913 quae
646 2827 743 2895 fratri
759 2829 947 2911 perferenda
968 2838 1038 2889 erat
1060 2847 1101 2888 ex
1121 2827 1191 2909 lege
1209 2827 1426 2890 recentissima
1442 2812 1602 2905 calpurnia

309 2931 346 2983 ut
367 2922 406 2983 de
429 2941 467 2983 ea
490 2921 561 3005 lege
586 2922 755 3005 mitiganda
778 2923 948 3004 cogitaret.
992 2920 1104 3004 ltaque
1135 2921 1296 2983 ridebatur
1319 2940 1355 2981 ea
1377 2919 1454 3005 lege
1477 2906 1587 2980 restat

195 3012 198 3017 ’
311 3024 395 3075 natas
417 3014 595 3076 rescindere
617 3016 711 3077 velle.
757 3017 839 3089 Sed,
871 3025 1057 3098 quantume
1085 3012 1244 3078 Cicerone
1268 3012 1424 3097 colligere
1447 3013 1529 3082 licet,
1551 3021 1588 3067 ull

311 3120 359 3169 est
380 3107 515 3190 perlata.
546 3109 631 3170 Ean.
676 3108 795 3172 Parum
819 3118 965 3193 accurrate
985 3107 1063 3170 haec
1086 3107 1258 3189 disputavit
1278 3106 1461 3168 Ernestius.
1502 3089 1588 3197 litut}

313 3202 414 3285 legem
430 3200 471 3262 de
484 3200 614 3263 ambitu
636 3199 793 3264 Caecilius
815 3198 956 3276 iniisset,
980 3221 1041 3284 qtta
1065 3200 1132 3263 eius
1147 3219 1249 3281 poetas
1266 3197 1518 3272 imminueretur,
1530 3192 1589 3255 {llll

311 3314 370 3356 suo
393 3314 591 3377 nequaquam
613 3295 791 3358 consultum
821 3304 924 3357 esset:
962 3315 1046 3357 nova
1070 3293 1148 3356 enim
1174 3293 1225 3355 lex
1251 3291 1384 3354 ambitus
1409 3292 1522 3374 perlata
1544 3272 1591 3345 uili

313 3389 479 3466 prodesset
507 3386 564 3459 iis,
594 3386 711 3470 quiex
737 3387 847 3469 priore
874 3387 944 3469 lege
970 3389 1008 3450 de
1035 3387 1152 3449 atarbius
1179 3396 1270 3448 erant
1295 3384 1445 3451 damnati.
1488 3372 1590 3447 luel

293 3560 297 3577 Ι
315 3476 448 3543 Caecilii
470 3480 597 3563 rogatio
618 3503 654 3543 ea
676 3480 754 3556 suit,
779 3492 817 3544 ut
839 3484 878 3544 P.
900 3481 1058 3546 Cornelio
1077 3472 1191 3544 Sullae
1210 3491 1243 3541 ct
1263 3482 1303 3543 P.
1321 3477 1495 3542 Autronio
1508 3476 1589 3540 Paeti·

313 3575 386 3657 lege
405 3573 580 3653 Calpurnia
604 3577 642 3637 de
673 3575 789 3638 ambitu
814 3574 982 3649 darnuatis,
1007 3573 1201 3636 senatorius
1228 3573 1315 3636 ordo
1341 3572 1593 3656 magistratum

315 3666 512 3749 capessendi
537 3679 694 3750 potestas
722 3664 940 3742 redderetur,
975 3688 1068 3752 qnam
1102 3667 1154 3729 illa
1189 3665 1240 3728 lex
1267 3665 1306 3728 iis
1334 3667 1505 3728 adstiterat.
1549 3657 1593 3734 0¹⁴²

313 3761 482 3845 rogatione
512 3771 559 3837 et,
593 3764 680 3844 quod
709 3759 826 3825 Cicero
853 3761 1003 3834 affirmat,
1034 3759 1122 3824 irrita
1150 3760 1245 3823 fiebat
1276 3762 1328 3822 lex
1358 3757 1540 3842 Calpurnia,
1564 3752 1592 3815 lb

314 3856 402 3937 qaiod
429 3853 548 3921 Cicero
577 3854 695 3918 frustra
725 3866 836 3939 negat,
871 3876 924 3917 res
949 3854 1102 3918 iudicatae
1128 3856 1399 3918 rescindebantur.
1446 3854 1515 3916 Non
1534 3832 1592 3907 ili·

315 3949 421 4010 Sullae
450 3960 585 4021 tantum,
621 3951 676 4010 sed
701 3949 794 4017 etiam
821 3947 854 4011 iu
887 3950 929 4012 P.
959 3949 1111 4012 Autronii
1142 3949 1286 4011 favorem
1316 3947 1515 4031 rogationem
1538 3946 1593 4000 ³¹¹²¹

314 4046 536 4126 promulgasse
559 4039 731 4105 Caecilium
756 4045 874 4105 docent
892 4063 974 4126 qtaae
997 4042 1104 4111 verbis
1120 4063 1216 4123 supra
1236 4041 1336 4105 allatis
1355 4043 1474 4103 addidit
1488 4029 1591 4101 ‘t'uttiut

315 4136 425 4218 Atque
458 4136 493 4197 in
526 4136 605 4218 ipsa
634 4136 815 4219 rogatione
848 4157 890 4198 ne
913 4158 978 4219 per
1004 4136 1073 4207 vim
1098 4135 1182 4219 quid
1203 4146 1385 4218 ageretur,
1420 4132 1495 4218 puis
1514 4128 1592 4221 im

316 4240 472 4291 nostrum
497 4233 629 4294 Sullam
647 4241 709 4293 out
732 4231 918 4294 Caecilium
939 4230 1143 4293 verebatur?
1164 4250 1275 4293 nonne
1297 4227 1409 4292 omnis
1430 4228 1484 4289 illc
1503 4224 1593 4282 tertull

315 4323 427 4386 omnis
452 4325 630 4388 seditionis
654 4323 760 4389 timor
781 4336 882 4408 atque
909 4325 1043 4408 opinio,
1069 4347 1115 4386 ex
1137 4322 1289 4387 Autronii
1316 4320 1527 4405 imparilitate
1541 4318 1595 4393 pti·

314 4417 440 4480 debat?
462 4416 536 4481 eius
558 4439 672 4496 uoces,
697 4419 769 4484 eius
794 4420 907 4483 minoe
920 4416 1155 4509 ferebantur:
1176 4419 1252 4480 eius
1275 4416 1473 4499 oeispeetw,
1490 4414 1596 4499 ,0οΨ

316 4510 425 4585 sntio,
458 4511 617 4594 stipatio,
648 4534 775 4598 greges
799 4513 975 4579 hominum
996 4512 1234 4596 perditorum,
1270 4517 1397 4572 metum
1421 4502 1513 4569 nobis
1538 4486 1597 4560 Μ’

317 4603 422 4666 tionis
447 4603 652 4690 afferebant.
703 4610 757 4671 Ad
783 4607 967 4672 Caeciliam
992 4607 1191 4690 rogationem
1215 4602 1314 4688 igitur
1340 4601 1517 4671 reserenda,
1545 4596 1597 4687 ql?

317 4709 423 4758 narrat
448 4698 514 4763 Dio
546 4697 689 4763 Cassisus
719 4700 907 4765 XXXVII.
934 4700 1004 4763 ta:
1043 4700 1082 4765 ot
1110 4694 1274 4785 δήμαρχοι
1298 4692 1355 4761 τὸν
1381 4686 1545 4760 ’Λντώνιον
1562 4692 1602 4777 wi,

317 4781 443 4858 ὕπατον
473 4787 781 4884 oposorpoaciraror
813 4815 926 4885 nminat·
955 4789 1036 4859 ὄντα
1060 4787 1318 4880 προσλαβόντες,
1353 4782 1371 4854 ὁ
1399 4792 1457 4872 uir
1482 4807 1525 4858 tls·
1546 4786 1595 4838 ‘⁰²³'

1601 4882 1602 4913 l
