3214 5586
502 465 509 479 ,
698 372 1056 443 1unnxnncnru.

687 565 848 628 Sesvrnrs
869 562 1067 627 iudiciaria.

296 705 473 783 „Claudius
501 703 783 790 (procuratoribus
804 703 883 783 suis)
913 723 1007 768 omne
1027 702 1076 767 ius
1098 701 1245 778 tradidit,
1277 705 1402 787 dequo
1424 705 1532 788 totiens

161 820 164 827 ·
211 800 368 866 seditione
397 812 451 865 aut
478 800 575 865 armis
601 811 773 879 certatum,
808 818 879 863 cnm
910 795 1110 881 Semproniis
1138 796 1366 882 rogationibus
1394 812 1534 884 equester

213 898 295 979 ordo
323 896 356 960 in
385 894 591 979 possessione
613 893 803 958 iudiciorum
825 893 1004 969 locaretur,
1038 902 1092 955 661
1116 912 1245 955 rursum
1268 892 1433 958 Serviliae
1454 895 1535 979 leges

199 991 334 1079 ,senatui
355 990 470 1055 iudicia
493 991 680 1066 redderent,
706 987 899 1073 Mariusque
921 997 953 1052 et
971 986 1059 1051 Sulla
1082 985 1157 1050 olim
1181 989 1220 1050 de
1243 1006 1284 1051 eo
1306 986 1359 1050 vel
1374 989 1534 1072 praecipue

210 1085 405 1151 bellarent.''
450 1084 556 1151 Tacit.
578 1085 666 1149 Ann.
689 1084 774 1149 x11.
798 1083 851 1146 60.
1221 1096 1223 1103 ’

298 1181 489 1256 „Offensum
512 1188 577 1255 cst,
601 1181 689 1260 qued
708 1198 837 1253 eornm,
871 1173 928 1261 qui
953 1173 1101 1251 andiunt,
1131 1174 1329 1240 voluntatem
1353 1173 1464 1252 laedit,
1492 1188 1533 1259 ut,

210 1273 239 1337 si
260 1273 331 1358 quis
354 1277 439 1358 apud
460 1272 584 1357 equites
606 1273 773 1337 Romanos
795 1268 930 1353 cupidos
953 1267 1111 1334 iudicandi
1124 1267 1310 1354 Caepionis
1331 1268 1435 1354 legem
1454 1267 1535 1335 iudi·

209 1367 357 1433 eiariam
379 1366 520 1432 laudet.''
564 1368 603 1431 dc
625 1367 753 1431 Invent.
777 1365 807 1430 1.
832 1365 892 1441 so,
919 1363 973 1429 92.

296 1459 403 1536 ,Cum
426 1462 547 1526 Brutus
569 1464 654 1527 duos
672 1461 811 1525 lectores
833 1456 1023 1535 excitasset,
1047 1468 1079 1522 et
1102 1456 1193 1522 alteri
1215 1460 1255 1522 de
1275 1457 1403 1523 colonia
1418 1458 1533 1525 Narbo·

211 1557 302 1621 nensi
324 1554 437 1623 Crassi
460 1555 639 1621 orationem
662 1555 828 1640 legendam
852 1551 1007 1629 dedisset,
1041 1552 1132 1617 alteri
1155 1554 1194 1616 de
1219 1552 1292 1637 lege
1315 1552 1477 1630 Servilia,
1506 1566 1537 1635 et
1587 1576 1593 1588 ’

211 1672 281 1715 curu
311 1651 472 1715 contraria
500 1649 582 1714 inter
606 1670 675 1713 sese
700 1651 739 1711 de
765 1669 802 1712 re
829 1647 958 1731 publica
991 1647 1098 1730 capita
1127 1645 1333 1723 contulisset3
1366 1659 1472 1712 nostes·
1490 1649 1533 1712 bic

208 1743 401 1810 facetissime
415 1757 480 1810 tres
496 1743 598 1830 patris
613 1743 706 1808 Bruti
723 1745 762 1808 de
776 1743 847 1807 iure
862 1741 950 1807 cirili
971 1742 1098 1808 libellos
1118 1743 1220 1806 1161166
1243 1739 1402 1827 legendos
1424 1741 1532 1807 dedit.''

210 1841 250 1903 de
273 1839 370 1904 Orat.
393 1839 442 1905 Il.
465 1841 523 1918 55,
548 1839 622 1904 223.

296 1933 379 2015 „<1..
403 1932 556 2012 Crassus)
577 1934 609 1999 in
633 1932 830 1998 dissuasione
850 1924 1030 2016 rogationis
1046 1930 1131 2006 eius,
1154 1952 1237 2017 quac
1251 1941 1370 1996 contra
1389 1931 1532 1998 coloniam

210 2028 456 2093 Narbonensem
470 2028 656 2106 ferebatur,
674 2039 826 2117 quantum
844 2037 970 2110 potest,
986 2029 1025 2091 de
1041 2026 1231 2093 auctoritate
1245 2038 1378 2091 senatus
1393 2028 1532 2091 detrahit:

215 2121 248 2185 in
266 2121 415 2187 suasione
431 2122 512 2209 legis
528 2123 696 2190 Serviliae
714 2121 843 2187 summis
861 2132 954 2185 ornat
971 2131 1113 2195 senatum
1133 2118 1314 2185 laudibus.”
1338 2108 1401 2205 ped
1417 2120 1531 2193 Cluent.

214 2216 273 2296 51,
304 2218 379 2281 tio.
632 2220 640 2225 '
848 2238 853 2243 ’

252 2392 260 2403 „
296 2313 439 2397 „quue
468 2312 525 2394 (0.
546 2312 662 2378 Mucio
685 2312 856 2394 Scaevola)
883 2310 915 2375 in
938 2308 1068 2376 Rostris
1089 2313 1221 2375 sedente
1243 2310 1347 2376 suasit
1369 2310 1534 2377 Serviliam

120 2420 125 2429 ¹
210 2409 315 2492 legem
338 2404 513 2472 Crassus.”
556 2408 651 2473 Brut.
679 2407 833 2485 13,161.

296 2552 312 2583 „
319 2500 406 2565 Mihi
428 2502 555 2588 quidem
576 2523 595 2565 a
616 2500 755 2586 pueritia
778 2499 868 2587 quasi
889 2499 1039 2586 magistra
1058 2498 1136 2579 1611,
1159 2495 1310 2586 inquam,
1335 2500 1389 2566 illa
1410 2493 1532 2584 (Crassi)

211 2595 244 2661 in
265 2596 371 2680 legem
394 2596 579 2680 Caepionis
601 2595 741 2661 oratin.”
786 2597 880 2663 Brut.
902 2597 961 2670 11,
986 2597 1062 2659 161.

297 2691 371 2766 ,116
395 2692 510 2756 horum
534 2688 660 2772 (Crassi
682 2702 713 2754 et
736 2690 885 2771 Antonii)
906 2688 1465 2774 1661156611616666666666661166,
1487 2692 1533 2755 sed

210 2796 314 2849 tamen
338 2806 404 2848 non
429 2786 493 2851 isto
519 2787 638 2860 modo,
662 2796 697 2848 ut
718 2784 879 2865 Polycleti
901 2784 1137 2867 Doryphorum
1159 2782 1219 2847 sibi
1242 2784 1409 2869 Lysippus
1431 2786 1530 2862 aiebat,

210 2877 258 2942 sic
278 2890 313 2941 16
334 2877 512 2942 suasionem
534 2878 616 2964 legis
639 2878 804 2945 Serviliae
825 2878 883 2942 tibi
910 2879 1090 2964 magistram
1112 2876 1243 2943 fuisse.’‘
1266 2880 1367 2945 Brut.
1390 2881 1447 2955 86,
1467 2880 1530 2944 216.

296 2974 379 3036 Lata
402 2985 450 3037 est
473 2995 490 3037 a
512 2977 556 3057 Q.
580 2973 727 3039 Servilio
748 2973 919 3056 Caepione
940 2970 972 3036 in
997 2973 1219 3038 6666616166.
1243 2995 1276 3036 u.
1303 2975 1380 3041 6117.
1421 2973 1530 3047 Sanxit,

100 3090 105 3105 ⁴
211 3079 246 3131 ut
268 3065 402 3145 iudicia,
428 3088 509 3153 quae
524 3068 647 3132 XVII.
667 3067 757 3131 annis
772 3080 844 3131 ante
865 3069 937 3153 lege
954 3067 1176 3152 Sempronia,
1201 3081 1350 3134 6666616
1366 3071 1404 3133 611
1425 3067 1531 3153 equites

211 3162 363 3227 translata
385 3173 511 3237 essent,
545 3162 674 3245 utrique
699 3161 805 3225 ordini
826 3161 1005 3245 communia
1031 3172 1149 3227 essent.
1195 3162 1289 3245 [Vid.
1317 3165 1417 3230 lulius
1440 3163 1533 3228 Obse-

212 3277 313 3342 quens
343 3264 375 3320 'et
404 3254 593 3321 Cassiodori
623 3252 819 3321 Chronicnn'
842 3258 881 3319 ad
911 3254 1071 3322 Consules
1094 3252 1136 3322 C.
1160 3256 1294 3321 Atilium
1321 3262 1488 3323 Serranum
1507 3264 1533 3316 et

212 3352 257 3432 Q.
278 3350 446 3414 Servilium
467 3347 695 3434 Caepionem]
713 3352 776 3413 Sed
797 3370 864 3413 eam
887 3351 990 3437 legem
1011 3362 1064 3414 aut
1086 3372 1149 3416 non
1165 3352 1343 3434 perlatam,
1368 3363 1422 3417 aut
1437 3350 1532 3436 paullo

209 3456 286 3529 post
317 3446 507 3531 abrogatam
534 3444 650 3520 luisse,
686 3465 727 3507 ex
756 3443 881 3529 Sigonii
912 3444 1082 3524 sententia,
1118 3446 1190 3509 inde
1218 3445 1425 3535 intelligitur,
1458 3444 1532 3529 quod

210 3539 321 3623 paullo
347 3551 423 3622 post
452 3537 533 3603 idem
559 3538 630 3602 tulit
656 3538 708 3603 M.
734 3538 848 3603 Livius
871 3537 1013 3616 Drusus,
1040 3552 1071 3604 et
1097 3540 1221 3626 quidem
1245 3541 1417 3607 incassum.
1460 3538 1532 3602 Vide

210 3638 321 3719 Leges
342 3631 473 3698 Livias.
519 3630 583 3696 Sed
604 3633 743 3698 certiore
765 3644 955 3718 argumento
978 3614 1084 3699 decidi
1102 3655 1138 3697 ea
1166 3656 1219 3699 res
1241 3647 1364 3718 potest.
1406 3633 1445 3700 C.
1466 3632 1531 3694 Ser·

211 3728 305 3792 vilius
328 3728 460 3793 Glaucia
484 3726 597 3792 dicitur
613 3750 667 3812 ap.
687 3726 879 3793 Ciceronem
898 3728 929 3791 in
946 3730 1050 3793 Bruto
1073 3729 1148 3813 [62,
1173 3730 1252 3794 2216
1278 3777 1293 3805 ,,
1305 3734 1422 3818 Longe
1439 3739 1530 3792 autem

210 3832 288 3905 post
310 3834 403 3887 natos
424 3821 569 3886 homines
591 3821 844 3905 improbissimus
866 3825 905 3888 C.
921 3823 1086 3888 Servilius
1103 3824 1266 3899 Glaucia,
1291 3828 1350 3890 sed
1372 3831 1528 3908 peracutus

211 3928 242 3981 ct
265 3917 398 3981 callidus
420 3938 491 3980 cum
507 3915 683 4002 primisque
706 3917 871 3981 ridiculus.
916 3918 948 3981 16
970 3938 1010 3979 cx
1033 3916 1163 3981 summis
1181 3929 1214 3981 et
1234 3917 1388 3983 somniuae
1404 3928 1435 3980 et
1456 3913 1528 3977 vitae

84 4020 92 4027 '
210 4010 360 4076 sordibus
382 4011 414 4075 in
436 4023 585 4096 praetura
605 4011 719 4076 consul
735 4011 839 4075 166166
859 4022 961 4087 esset,
992 4010 1019 4073 si
1040 4011 1193 4076 rationem
1217 4012 1286 4077 eius
1308 4011 1420 4077 baberi
1445 4009 1528 4073 licere

211 4103 379 4171 iudicatum
405 4117 500 4170 esset.
544 4107 626 4170 Nam
655 4117 686 4170 et
711 4106 835 4187 plebem
859 4107 987 4168 tenebat
1010 4115 1042 4169 et
1068 4118 1250 4190 equestrem
1278 4106 1421 4173 ordinem
1443 4105 1530 4165 bene-

209 4199 285 4264 11616
307 4200 390 4286 legis
416 4199 652 4283 devinxerat.'‘]
674 4211 765 4264 certo
787 4201 1000 4278 consulatum,
1023 4221 1107 4265 anuo
1131 4213 1207 4283 post
1229 4212 1430 4285 praeturam,
1452 4192 1530 4281 qnod

210 4295 284 4378 lege
298 4306 472 4381 rogaverat
487 4295 632 4358 tribunus
648 4293 751 4378 plebis
767 4293 972 4370 Saturninus,
997 4315 1026 4362 a.
1042 4316 1075 4358 6.
1094 4295 1168 4359 653.
1184 4288 1529 4362 666666616666161666

210 4388 271 4454 6161
292 4390 477 4454 interiectus
503 4401 603 4465 esset,
627 4390 713 4472 quod
741 4399 920 4471 equestrem
946 4387 1089 4452 ordinem
1118 4389 1274 4455 benelieio
1298 4390 1380 4476 legis
1401 4380 1530 4450 obstrin-

114 4514 133 4531 -
210 4486 324 4549 xisset.
368 4484 440 4565 Qua
462 4496 566 4548 autem
587 4482 647 4546 alia
669 4482 775 4564 potuit
797 4480 856 4545 nisi
875 4481 1087 4547 iudiciaria?
1109 4485 1192 4548 Nam
1213 4486 1312 4549 altera
1328 4484 1370 4547 de
1383 4488 1530 4564 repetan-

210 4578 266 4643 dis
287 4577 363 4644 nibil
385 4582 425 4642 ad
447 4579 615 4642 commoda
638 4575 797 4661 equitum,
823 4576 877 4661 qui
896 4578 961 4641 hoc
980 4598 1099 4663 genere
1119 4578 1228 4663 legum
1253 4599 1316 4642 nnn
1338 4568 1526 4640 1666666161.

210 4673 325 4758 ltaque
354 4673 562 4738 certissimum
588 4683 688 4757 puto,
722 4671 889 4736 Serviliam
912 4670 1086 4757 Caepionis
1108 4673 1246 4737 Servilia
1268 4672 1418 4737 Glauciae
1443 4666 1527 4729 abre·

211 4781 316 4855 gatam
341 4789 429 4847 esse,
460 4781 507 4846 et,
538 4789 619 4856 quae
641 4767 872 4832 communicata
898 4789 968 4830 cum
994 4779 1104 4832 senatu
1126 4765 1245 4841 iudicia
1269 4778 1376 4842 erant,
1401 4755 1526 4860 esselis

211 4863 371 4950 equitibus
391 4862 538 4929 restituta
560 4884 601 4928 eo
622 4862 694 4948 ipso
718 4882 820 4940 anno,
845 4882 910 4948 quo
932 4859 1019 4926 illam
1041 4863 1171 4929 alteram
1187 4863 1228 4926 de
1243 4857 1437 4949 repetundis
1449 4849 1522 4923 tubo
