3490 5586
491 493 502 509 Ι
588 404 935 475 ΑπΑεοοΝιυΜ.
1175 358 1180 365 ’
1361 403 1423 470 aas

93 576 159 639 pro
181 555 295 633 iners,
320 565 356 616 nt
377 554 426 618 ecl.
439 562 521 633 pm,
544 551 600 614 sed
621 562 767 616 correcta
783 572 864 617 voce
883 554 914 616 in
935 550 1098 634 margines
1121 548 1153 612 in
1173 559 1312 632 utroque
1328 547 1424 613 omit·

94 642 176 705 titur
202 660 260 703 aas
295 659 398 722 porro
426 636 488 701 sed
515 648 587 699 ante
611 658 744 720 pancos
773 641 890 702 habent
918 637 1052 718 (omisso
1073 636 1169 719 post)
1197 646 1230 698 et
1249 656 1329 698 enm
1350 645 1424 697 ante

97 746 190 790 esse:
211 746 291 807 qnae
314 735 387 786 sttnt
409 722 543 804 vestigia
565 722 670 785 locum
695 723 770 786 olim
791 724 833 785 ita
855 724 1009 806 scriptum
1029 721 1146 785 fuisses
1169 720 1312 785 Cassius
1332 719 1426 783 iners

98 821 131 875 et
151 810 297 875 stolidus
314 822 388 872 tum
410 809 526 892 magis
548 828 652 890 qaam
673 807 868 892 improbas,
892 809 954 873 sed
971 818 1053 892 post
1072 826 1204 890 pancos
1235 825 1367 883 menses
1387 805 1426 867 in

96 920 127 958 c.
150 899 188 960 c.
212 917 291 958 eum
312 915 387 958 esse
407 893 586 978 apparuit.
630 892 718 956 Rau.

178 1000 222 1064 Ρ.
245 999 299 1063 88.
323 999 348 1061 l.
372 998 405 1062 8.
423 1019 494 1081 pro
515 1019 553 1060 re
575 995 743 1078 iacebant]
764 1018 874 1080 prope
896 995 1052 1071 iacebant
1074 998 1157 1063 Rau.

178 1104 222 1168 Ρ.
244 1103 299 1166 81.
322 1101 346 1164 1.
374 1100 425 1163 18.
448 1121 485 1165 se
513 1100 551 1164 id
575 1099 727 1183 eiurare]
753 1121 789 1164 se
814 1101 893 1167 ideo
921 1101 1041 1166 iurare
1063 1101 1175 1186 Lugii.
1198 1134 1238 1148 -
1268 1078 1309 1165 se⁴
1326 1098 1364 1163 id
1383 1120 1425 1164 eo

79 1186 215 1281 sarcre
236 1187 322 1251 Rau.
749 1184 752 1193 ¹
1326 1210 1330 1219 ·

179 1294 223 1358 Ρ.
247 1292 302 1356 85.
325 1291 348 1354 l.
373 1292 405 1354 1.
427 1288 582 1369 Neane
604 1290 714 1374 Lugd.

177 1396 220 1460 Ρ.
246 1396 300 1459 85.
323 1394 348 1458 l.
374 1396 404 1457 1.
428 1405 502 1457 tam
524 1415 589 1457 om.
610 1395 721 1478 Lngd.

179 1500 223 1564 Ρ.
247 1498 300 1561 86.
324 1498 348 1561 l.
373 1499 424 1560 18.
446 1497 609 1579 protinas
643 1497 779 1560 videtur
815 1516 884 1559 nan
907 1493 1046 1588 fnisse]
1078 1497 1219 1581 partitis
1252 1497 1427 1562 videretur

80 1583 215 1677 filim
237 1584 348 1668 Lngd.
395 1584 605 1646 scribendum
627 1581 744 1667 igituir
765 1582 910 1665 parcius
931 1581 1066 1645 videtur
1086 1581 1214 1666 fuisse.

181 1687 226 1751 Ρ.
249 1686 303 1749 87.
327 1685 349 1748 Ι.
373 1686 392 1747 6
414 1707 507 1771 seqq.
530 1688 718 1750 Praeterea
736 1696 847 1749 movet
868 1706 922 1747 me
944 1685 1023 1768 cet]
1052 1687 1106 1748 Ex
1128 1686 1181 1750 illa
1204 1686 1426 1770 editionispr.

93 1772 249 1849 lectione,
280 1792 364 1835 cum.
380 1793 444 1855 qna
473 1770 634 1835 consentit
655 1774 730 1835 cod.
755 1772 873 1855 Lngd.¹
890 1770 980 1833 etiam
1007 1773 1036 1834 in
1060 1770 1180 1836 vitioso
1202 1785 1308 1851 esset,
1341 1785 1373 1835 et
1393 1773 1429 1835 in

91 1879 218 1922 sartam
238 1878 301 1941 pro
322 1876 526 1930 causarum,
551 1858 674 1941 legam:
698 1890 739 1903 -·
772 1857 865 1940 qnod
872 1900 881 1930 ‚
912 1878 990 1920 cnm
1015 1857 1085 1920 sint
1105 1857 1344 1923 commentarii
1371 1859 1429 1925 Gi·

93 1942 233 2007 caronis
261 1963 467 2016 cansarum,
502 1940 577 2006 eins
600 1954 716 2005 tamen
742 1939 958 2031 dffensionis
986 1945 1119 2007 necllum
1142 1944 1430 2008 commentarium

92 2039 155 2092 aut
167 2028 379 2112 principium
399 2027 554 2090 invenio:
577 2026 632 2106 (ita
656 2027 801 2110 loquitor
823 2026 916 2089 etism
939 2027 971 2090 in
996 2049 1067 2112 arg.
1085 2028 1195 2095 Pison.
1217 2050 1251 2109 p.
1272 2029 1323 2107 t.)
1345 2028 1430 2093 item

96 2113 188 2211 paoli
209 2126 270 2177 cet.
315 2113 536 2187 Hotomanus,
566 2112 621 2194 qui
647 2124 722 2192 post
747 2111 959 2196 principium
985 2114 1147 2195 supplevit
1173 2116 1272 2176 verba
1295 2117 1429 2179 nattum

96 2198 282 2273 moenium,
307 2198 482 2282 posthaec
506 2197 603 2259 verba
627 2197 741 2259 edidit:
775 2200 897 2280 ltaque
915 2209 1003 2280 pato
1026 2218 1094 2261 non
1118 2197 1335 2289 defendisse,
1367 2198 1430 2263 sed
1516 2209 1518 2213 ’

96 2293 231 2346 tantam
251 2284 293 2347 de
315 2280 536 2375 defendendo
558 2282 750 2366 cogitasses
784 2281 877 2366 qnod
900 2304 964 2364 per
992 2284 1075 2346 haee
1103 2283 1182 2367 ipsa
1208 2284 1337 2366 negari
1358 2305 1429 2347 non

91 2377 221 2451 potest.
265 2369 357 2449 Quae
381 2370 480 2430 verba
496 2389 560 2430 non
577 2379 648 2429 snnt
663 2366 762 2449 ipsius
786 2378 1014 2443 commentum,
1039 2370 1127 2430 sede
1148 2369 1291 2453 margine
1307 2369 1429 2433 codicis

95 2453 267 2517 arcessita:
306 2453 458 2539 leguntur
489 2453 582 2515 etiam
612 2451 642 2513 in
672 2454 747 2515 cod.
779 2448 888 2536 Lngd.
921 2451 1081 2537 margine,
1118 2456 1176 2515 sed
1198 2454 1427 2517 emendatiora.

94 2539 179 2602 Nam
209 2561 280 2602 cnm
310 2560 427 2621 snpra,
468 2541 506 2601 ad
536 2539 634 2600 rerba
663 2539 851 2601 Fenestella
871 2536 999 2613 tradit,
1037 2537 1258 2620 adscripsisset
1280 2541 1374 2601 docta
1397 2549 1431 2600 et

94 2623 225 2708 antiqua
248 2645 375 2688 mantis:
409 2625 547 2697 (licem,
571 2623 608 2685 in
629 2622 780 2706 quadam
801 2622 849 2683 ad
868 2622 1024 2686 Atticum
1045 2623 1208 2706 epistola,
1231 2624 1297 2703 (est
1317 2623 1372 2688 lib.
1396 2622 1427 2687 Ι.

95 2708 143 2786 2.)
164 2710 286 2773 scribit
307 2711 349 2773 de
372 2710 540 2774 Catilinae
562 2704 786 2798 defensione,
818 2728 922 2791 qaam
936 2706 1070 2793 facere
1096 2707 1288 2792 cogitabat:
1322 2708 1428 2771 hicio

96 2793 244 2877 margine
266 2795 403 2857 addidit:
437 2798 559 2879 ltaque
576 2805 665 2876 puto
687 2813 756 2856 non
778 2789 997 2883 defendisse,
1021 2793 1083 2857 sed
1101 2805 1218 2856 tamen
1240 2795 1282 2856 de
1304 2791 1430 2883 defen·

100 2875 214 2942 dendo
235 2880 423 2962 cogitasse,
447 2880 540 2964 quad
556 2901 623 2962 per
643 2877 824 2960 epistolam
846 2878 969 2960 negari
990 2899 1059 2943 non
1077 2890 1204 2962 potest.
1238 2879 1336 2965 ¹Rnn.

188 2982 231 3046 P.
254 2983 305 3047 88.
329 2985 352 3045 l.
377 2985 409 3047 9.
433 2983 571 3068 quidem
593 3004 659 3045 om.
683 2982 791 3065 Lttgd.

183 3085 227 3149 Ρ.
249 3087 303 3150 88.
328 3088 349 3151 l.
377 3089 429 3149 11.
453 3086 593 3166 bestias]
617 3086 747 3149 nostias
768 3087 879 3171 Lugd.

179 3191 223 3254 P.
247 3191 301 3255 90.
323 3191 347 3253 l.
371 3188 631 3282 tassimata
653 3190 738 3254 Rati.

178 3295 222 3360 Ρ.
248 3293 303 3357 98.
327 3294 350 3357 l.
375 3296 425 3359 to.
452 3290 634 3375 Adscripsit
657 3292 793 3371 margini
814 3295 886 3360 cod.
907 3296 1019 3379 Lngd.
1042 3295 1170 3379 antiqno
1193 3317 1321 3361 manns:
1353 3297 1431 3363 No·

83 3400 168 3445 naen
199 3378 311 3480 isaari
327 3377 414 3469 fuit
439 3378 586 3444 Aurelia
613 3379 779 3442 Orestilla
808 3382 862 3457 (ex
893 3379 1050 3457 salustio,
1074 3379 1171 3446 Catil.
1197 3403 1268 3466 cap.
1292 3381 1360 3462 15.)
1387 3382 1432 3446 de

80 3486 195 3531 socru
220 3485 362 3549 ignoro.

179 3569 224 3633 Ρ.
249 3567 303 3631 tt.
327 3568 350 3630 l.
369 3568 405 3643 8.
430 3567 514 3633 Olim
535 3570 722 3653 legebatur:
750 3567 907 3649 perierat
927 3568 964 3630 in
986 3568 1175 3655 Hispania,
1200 3574 1327 3638 missus
1349 3585 1429 3649 cet.;

90 3675 177 3736 quas
199 3664 236 3716 nt
260 3674 342 3716 otioc
364 3653 513 3735 leguntur
536 3652 673 3717 restitnit
694 3652 855 3716 Baiterns.
877 3716 880 3725 Δ
900 3652 1040 3729 Melina,
1077 3667 1110 3717 nt
1133 3655 1266 3739 opinor,
1298 3680 1339 3721 ex
1361 3659 1432 3721 eius

90 3738 239 3816 ratione,
264 3737 365 3802 media
389 3739 550 3802 distinctio
572 3728 647 3818 poit
665 3737 837 3820 perierat,
863 3736 964 3800 maior
986 3751 1063 3819 post
1081 3741 1304 3826 ablegaretur
1325 3764 1430 3825 poos-

94 3833 209 3898 retnr,
242 3824 349 3887 deleto
377 3844 442 3906 que
469 3823 500 3885 in
529 3824 654 3909 ilriqne.
698 3822 737 3886 ln
761 3820 866 3883 multis
889 3821 1101 3900 coniecturis,
1135 3826 1250 3910 qttibna
1272 3831 1369 3891 verba
1392 3838 1433 3891 ut

94 3928 190 3969 avus
215 3929 297 3973 snas
325 3920 445 3971 tentata
473 3919 562 3985 saint,
597 3908 697 3971 miror
723 3906 877 3969 neminem
906 3904 1048 3971 voluisse
1077 3911 1207 3994 legere:
1244 3923 1283 3975 ut
1311 3934 1334 3975 a
1354 3911 1431 3989 sais

89 3991 220 4055 sociis:
244 3993 466 4058 diciturenim
489 4016 585 4077 saepe
606 3992 722 4058 sociiis
742 3992 773 4055 in
798 3992 908 4055 malam
932 4004 1076 4073 partem,
1107 4008 1141 4057 nt
1163 3999 1249 4080 apud
1272 3995 1344 4062 Cic.
1367 3998 1431 4060 hnc

88 4074 171 4157 ipso
194 4079 269 4143 loco
290 4102 326 4164 p.
351 4079 404 4143 98.
428 4079 452 4143 Ι.
477 4082 529 4143 17.
561 4078 661 4145 Catil.
685 4079 734 4144 II.
759 4077 794 4148 2,
819 4078 851 4143 t.
874 4097 935 4161 pro
959 4078 1039 4155 Sall,
1062 4078 1100 4157 6,
1125 4081 1177 4146 19.
1201 4082 1233 4146 in
1255 4083 1357 4147 Verr.
1381 4083 1430 4147 V.

90 4160 255 4239 62160.
302 4166 390 4228 Rati.
770 4199 775 4209 ·
828 4168 831 4179 ’

181 4265 224 4331 Ρ.
249 4268 303 4332 tt.
328 4270 350 4332 l.
376 4269 428 4332 tt.
452 4269 562 4351 Dicit]
591 4268 696 4333 Dixit
718 4268 836 4331 Ambr.
891 4318 894 4329 .

131 4406 137 4411 s
181 4373 224 4436 P.
249 4373 303 4435 ot.
326 4373 351 4434 l.
375 4372 408 4436 8.
431 4374 613 4436 Emendare
641 4372 747 4435 locum
772 4371 894 4436 difficile
917 4384 979 4448 est;
1010 4375 1075 4437 hoc
1097 4384 1202 4438 tamen
1227 4375 1356 4441 omnino
1380 4375 1430 4440 vi-

85 4458 189 4520 detur
216 4455 366 4536 (Cicero)
392 4458 516 4522 diceres
550 4457 723 4536 Licinium
751 4458 983 4540 gladiatorem
1012 4457 1045 4521 in
1068 4480 1103 4522 se
1124 4460 1318 4525 immissum
1340 4482 1430 4537 ease,
1561 4508 1569 4519 ,

87 4550 124 4600 et
154 4542 320 4639 cpqridnm
348 4543 517 4642 Catilinae
550 4542 701 4640 iudicent
730 4546 773 4626 Q.
804 4544 949 4608 Cariam
978 4545 1150 4642 hominem
1179 4546 1431 4692 pitaestorium.

85 4625 269 4707 Capitium
294 4638 343 4688 est
372 4648 512 4690 omnmm
547 4639 624 4690 vett.
648 4629 738 4690 editt.
760 4639 984 4712 praeterquam
1007 4649 1161 4711 principis
1196 4642 1300 4706 ectio,
1337 4652 1430 4714 qnam

87 4708 201 4859 1,ιέ111·ἒὲ
201 4710 455 4859 tiisliiudeberi
484 4725 583 4796 puto,
620 4711 764 4798 quamvis
792 4724 903 4777 noster
930 4714 1072 4798 (Lngd.)
1102 4735 1173 4777 cum
1196 4716 1247 4778 ed.
1272 4735 1328 4798 pr.
1350 4735 1429 4778 con·
