3490 5586
507 324 668 455 ,INDEX
688 379 1041 447 FORMULARUM.
1378 381 1439 450 889

105 536 183 603 ¹eat,
216 525 311 591 locus
335 523 408 600 1111,
442 520 497 586 ubi
528 531 700 585 crematum
731 531 780 586 est
803 541 941 604 corpus,
975 521 1053 589 nihil
1080 470 1178 589 Habet
1204 522 1360 611 religiosi.
1397 526 1438 589 de
1483 510 1489 521 ’

110 623 225 707 Legg.
250 620 288 695 9,
313 618 371 694 99,
396 617 454 681 et.

199 710 370 778 Gratiae
392 730 410 774 a
433 720 575 775 senatu
597 708 690 774 alieni
713 721 843 774 actae.
886 711 925 773 lu
947 711 983 774 S.
1000 708 1041 778 C.
1059 710 1133 776 mihi
1152 711 1307 797 gratiae
1330 712 1436 779 verbis

110 806 316 890 amplissimis
338 812 530 892 aguntur,
555 806 644 889 qrnod
659 803 776 867 virtute
791 803 926 868 consilio
940 804 1142 888 providentia
1157 827 1225 870 mea
1241 827 1293 872 res
1308 807 1436 890 publica

108 899 265 984 periculis
286 899 328 964 sit
350 898 495 967 maximis
516 899 662 962 liberata.
685 896 718 961 in
741 896 839 962 Catil.
864 898 902 974 3,
927 898 965 975 6,
993 899 1047 962 11.
1091 897 1167 964 etr.
1186 921 1248 983 pro
1273 900 1433 981 8111130,

108 996 163 1059 85.
212 993 357 1077 Philipp.
382 997 420 1071 1,
447 995 484 1070 1,
509 993 541 1057 0.
973 1077 977 1085 Ι

197 1087 361 1152 Gratias
383 1090 563 1173 agendas
585 1086 826 1151 civitatibus
849 1086 916 1165 iis,
941 1109 1040 1173 quae
1056 1088 1107 1153 M.
1123 1088 1293 1153 Tullium
1308 1087 1434 1155 niven

105 1180 267 1264 optimc
289 1184 333 1246 de
355 1203 397 1245 re
420 1181 589 1265 publice
611 1180 799 1245 meritum
821 1182 1093 1266 recepissent,
1117 1182 1284 1249 universus
1307 1195 1435 1248 senatus

101 1277 246 1343 11111111.
280 1296 343 1361 pro
367 1275 543 1351 11111139,
568 1276 622 1339 85.
1069 1332 1072 1345 ,

196 1370 489 1454 [Haruspicum
512 1388 721 1452 responsa.
745 1371 947 1451 Responsum
962 1369 1163 1453 haruspicum
1182 1374 1248 1438 hoc
1266 1393 1378 1439 recens
1393 1376 1433 1439 de

97 1464 243 1531 fremitu
263 1465 294 1531 iu
318 1464 468 1530 contione
493 1463 641 1529 recitavit
664 1465 705 1530 P.
730 1462 883 1540 Clodius,
908 1463 940 1527 iu
962 1486 1115 1549 quocum
1137 1465 1208 1530 aliis
1227 1467 1333 1533 multis
1354 1466 1434 1533 scri·
1510 1540 1517 1555 ,

98 1572 203 1644 ptum
222 1559 315 1623 etiam
334 1559 411 1623 illud
433 1571 501 1623 1111
525 1560 636 1622 Loca
658 1579 772 1622 sacra
795 1570 835 1620 11
855 1557 1056 1642 religiosa
1078 1560 1252 1643 profana
1274 1559 1433 1627 haberi.

98 1656 142 1718 de
173 1653 355 1736 Haruspic.
382 1673 468 1735 resp.
495 1654 535 1728 5,
560 1653 593 1716 9.
616 1682 658 1698 -
680 1654 798 1735 Quod
825 1650 863 1715 in
890 1672 987 1736 agro
1009 1653 1248 1719 Latiniensi
1269 1654 1434 1720 auditus

97 1760 168 1814 est
193 1746 395 1829 strepitus
417 1767 503 1810 cum
524 1745 716 1810 fremitu:
757 1745 976 1810 exauditus
1005 1746 1042 1809 iu
1073 1768 1175 1832 agro
1196 1750 1434 1835 propinquo

98 1855 140 1908 et
164 1842 398 1906 suburbano
421 1851 483 1904 est
504 1840 705 1923 strepitus
726 1839 881 1926 quidam
903 1841 1141 1911 reconditus
1163 1845 1434 1912 ethorribilis

22 1994 24 2003 ,
97 1935 298 2003 fremitus
328 1956 541 2000 armorum.
570 1966 612 1978 -
644 1932 696 1999 De
718 1955 755 1997 ea
778 1933 993 2017 rescriptum
1022 1947 1089 2000 est:
1122 1938 1434 2008 Postulationes

22 2024 23 2029 ’
103 2028 780 2112 11111111,8111111,Ι1111ιιιιο,
806 2027 983 2106 Telluri,
1009 2029 1085 2093 diis
1108 2032 1371 2100 caelestibus.
1393 2072 1435 2087 -

22 2184 24 2199 ,
106 2126 255 2189 Ludos
278 2123 402 2187 minus
424 2122 649 2207 diligenter
670 2122 805 2188 laotos
827 2122 1111 2208 pollutosque.
1130 2125 1215 2191 lbid.
1232 2129 1291 2205 10,
1307 2131 1434 2218 901111.

22 2204 24 2219 ’
109 2252 155 2265 ·-
178 2217 373 2283 Oratores
395 2228 540 2281 contra
561 2215 623 2279 ius
644 2214 790 2300 sasque
812 2214 1084 2283 interlectos.
1117 2219 1203 2286 lbid.
1229 2225 1286 2302 15,
1312 2226 1436 2294 dms...

22 2280 24 2313 Ι
111 2311 249 2377 Fidem
278 2322 315 2376 et
341 2310 644 2393 iusiurandum
672 2311 917 2394 neglectum.
951 2308 1036 2375 lbid.
1061 2314 1122 2388 17,
1145 2315 1199 2380 35.
1234 2349 1276 2361 -
1308 2321 1438 2385 Sacri·

22 2402 23 2405 '
108 2405 210 2472 ficia
239 2416 400 2470 vetusta
430 2404 674 2487 occultaque
703 2402 829 2469 minus
857 2402 1089 2488 diligenter
1118 2407 1225 2474 lacta
1258 2413 1436 2495 polluta·

110 2523 197 2587 qne.
241 2500 455 2579 1111117.
483 2533 524 2546 -
557 2497 713 2562 Monent:
748 2518 889 2580 nepes·
911 2499 1164 2581 optimatium
1188 2502 1435 2573 discordiam

108 2594 488 2676 dissensionemque
520 2591 707 2675 patribus
740 2591 1079 2676 principibusque
1111 2598 1249 2661 caedes
1278 2601 1436 2683 pericn-

22 2760 23 2773 χ
107 2688 230 2773 leque
261 2698 454 2751 creentur
485 2685 716 2769 auxilioque
749 2684 944 2749 deminuti
979 2686 1248 2766 deliciantur,
1287 2715 1361 2779 qua
1392 2718 1436 2763 re

114 2785 162 2845 ad
182 2803 297 2845 unum
320 2780 527 2865 imperium
548 2779 792 2863 provinciae
814 2782 1000 2859 redeant,
1032 2782 1323 2871 exercitusque
1349 2792 1435 2873 pn}-

116 2896 182 2940 sus
214 2875 513 2959 deminutioque
547 2877 729 2937 accedat.
772 2873 859 2938 lbid.
893 2875 951 2951 19,
986 2876 1038 2939 10.
1070 2910 1112 2924 -
1144 2879 1274 2945 Habent
1305 2884 1436 2951 Etrusci

115 2968 192 3035 libri
210 2978 294 3033 certa
313 2969 459 3045 uomina,
484 2989 565 3052 quae
588 2969 618 3031 in
641 2966 675 3032 id
695 2988 795 3053 genus
818 2967 934 3031 civium
956 2966 1059 3055 (cuius
1074 2973 1200 3056 generis
1215 2984 1283 3038 erat
1297 2977 1339 3040 Ρ.
1357 2977 1438 3043 Clo·

114 3059 220 3149 diust)
239 3066 350 3129 cadere
371 3075 515 3147 possunt.
557 3062 802 3127 Deteriores
817 3063 1004 3144 repulsos
1018 3064 1079 3128 hos
1094 3068 1271 3149 appellant,
1296 3092 1433 3154 quorum

110 3169 145 3224 et
168 3170 287 3223 tuentes
309 3168 342 3220 et
362 3178 415 3222 res
440 3167 513 3220 sunt
533 3156 690 3240 perditae.
734 3155 819 3219 lbid.
843 3156 901 3233 95,
924 3157 979 3221 53.
1001 3190 1043 3202 -
1071 3159 1211 3228 Moueut
1235 3184 1281 3227 ne
1304 3166 1436 3231 occul-

107 3252 168 3316 tis
195 3251 385 3316 consiliis
408 3273 472 3314 res
499 3250 665 3331 publica
691 3250 883 3313 laedatur.
929 3250 1014 3316 lbid.
1038 3253 1096 3330 96,
1119 3255 1173 3320 55.
1197 3292 1237 3305 -
1261 3259 1431 3342 Seqatiturs

107 3370 158 3413 nc
181 3346 463 3411 deterioribus
485 3343 748 3427 repulsisque
771 3345 898 3408 honos
921 3358 1133 3429 augeatur.
1156 3350 1240 3417 lbid.
1262 3359 1294 3432 §.
1318 3355 1370 3422 55.
1391 3391 1432 3413 -.

106 3443 170 3507 Ne
192 3441 463 3523 reipublicae
485 3449 613 3502 status
635 3448 919 3503 commutetur.
960 3440 1126 3515 1111197,
1151 3444 1221 3525 60]
1285 3498 1288 3505 .

195 3535 395 3599 Heredem
417 3534 553 3596 lacere
575 3531 724 3615 aliquem.
760 3534 798 3594 de
821 3530 917 3596 offic.
941 3534 980 3610 3,
1005 3533 1062 3611 18,
1088 3536 1140 3601 71.
1163 3567 1204 3581 ·-
1233 3541 1432 3608 Heredem

109 3628 308 3695 scribere.
342 3625 559 3702 deotlind,
585 3625 643 3702 18,
669 3625 742 3688 tu·
891 3702 894 3709 Ι

195 3721 416 3787 Hereditas
442 3733 491 3786 est
512 3719 664 3803 pecunia,
698 3738 779 3804 quae
806 3730 909 3783 morte
933 3719 1064 3784 alicuius
1088 3724 1130 3785 ad
1157 3725 1336 3809 quempiam
1357 3749 1432 3811 per.

113 3816 202 3881 venit
221 3817 292 3881 iure
313 3837 372 3880 nee
394 3837 430 3879 ea
452 3826 506 3880 aut
526 3816 632 3903 legata
654 3823 843 3877 testamento
861 3824 915 3877 aut
932 3813 1136 3896 possessione
1153 3830 1289 3884 retenta.
1312 3821 1430 3905 Topie.

115 3911 158 3986 5,
182 3910 233 3975 99.
265 3946 306 3960 -
341 3917 476 3994 Agere
502 3909 540 3973 in
562 3907 839 3972 hereditatem.
875 3909 976 3971 Verr.
999 3909 1120 3972 Aecus.
1146 3912 1183 3985 1,
1208 3913 1267 3989 15,
1293 3915 1367 3981 115.
1389 3948 1431 3965 -

114 4006 334 4072 Hereditas
365 4005 484 4070 venit.
521 4004 622 4068 Verr.
653 4004 774 4066 Aecus.
805 4004 844 4078 1,
875 4001 935 4078 18,
969 4001 1042 4066 195.
1078 4038 1121 4050 -
1156 4005 1431 4073 Hereditatem

113 4098 238 4165 adire.
272 4103 374 4166 Verr.
396 4101 518 4166 Acctts.
543 4101 579 4175 1,
604 4096 659 4174 18,
686 4097 760 4161 195.

199 4195 424 4260 Hereditas
455 4190 664 4257 commissa
694 4190 833 4255 alicui.
878 4190 960 4255 Esse
990 4188 1023 4253 in
1051 4211 1091 4254 eo
1124 4201 1331 4273 testamento,
1365 4216 1431 4281 que

108 4289 286 4359 Heraclius
307 4292 401 4353 heres
429 4298 512 4351 esset
535 4284 688 4368 scriptus,
713 4297 748 4349 ut
773 4296 893 4349 statuas
912 4283 944 4347 in
963 4285 1120 4368 palaestra
1142 4285 1273 4351 deberet
1293 4309 1432 4371 poneres

108 4385 283 4460 faciemus,
307 4394 341 4446 ut
357 4379 559 4464 palaestritae
574 4391 692 4465 negent
704 4400 748 4442 ex
768 4389 956 4443 testamento
976 4399 1044 4442 esse
1059 4377 1199 4463 positas,
1219 4389 1329 4461 petant
1343 4383 1435 4448 here.

110 4480 263 4555 dilatem,
297 4479 385 4563 qutod
410 4495 479 4539 casn
507 4473 741 4557 palaestrae
771 4472 1029 4537 commissam
1058 4493 1142 4538 esse
1171 4470 1289 4537 dicant.
1332 4476 1433 4545 Verr.

110 4572 296 4648 Aecus-r,
320 4571 378 4648 11,
404 4570 456 4634 36.
494 4632 500 4639 ,

99 4734 105 4743 ,
199 4668 339 4745 Heres.
382 4664 480 4728 Nulla
504 4673 552 4726 est
573 4680 730 4744 persona,
754 4683 836 4747 quae
854 4664 894 4727 ad
915 4663 1017 4729 vicem
1042 4664 1133 4743 eius,
1157 4664 1338 4752 quierint
1361 4664 1438 4729 erni·

114 4758 277 4847 grarcrit,
301 4757 436 4841 propius
457 4758 585 4821 accedat
605 4776 700 4845 quam
722 4755 854 4831 heres.
879 4760 917 4825 de
932 4759 1043 4847 Legg.
1067 4760 1106 4837 9,
1133 4762 1190 4839 19,
1214 4758 1268 4841 18.
1289 4796 1331 4823 -.-
1352 4761 1438 4835 Vade

113 4849 432 4929 Controversia.
693 4868 695 4877 ‘
1016 4850 1020 4859 ⁴
