3214 5586
472 358 624 429 INDEX
644 298 826 428 LEliUM.
1249 364 1311 429 ott

51 517 95 570 est.
112 501 173 588 legis
192 501 339 568 Liebrine
362 500 571 583 patrocinium
587 501 712 566 tribuni
738 501 915 567 iactabant.
942 503 1081 587 propior
1103 506 1198 572 dolor
1222 503 1308 587 plebi
1424 550 1428 559 .

51 599 132 662 laenis
149 596 384 679 ingravescentis
409 607 494 672 erat,
530 617 686 679 curaeque
707 596 852 679 privatae
877 597 907 660 in
929 598 1151 663 certaminibus
1175 598 1309 681 publicis

52 693 218 774 serpebant.
239 711 373 776 quornm
397 689 503 753 taedio
522 701 629 772 patres
651 691 693 754 L.
714 684 1099 774 CorneliumScipionem
1115 693 1309 775 interregem

51 786 290 849 camliacense
314 787 488 848 observare
510 777 614 868 legem
637 783 812 849 Liciniam
833 785 972 849 comitiis
1001 786 1221 850 consularibus
1247 775 1311 847 ius'·

49 901 99 942 ιιιι.
128 877 162 943 Ρ.
177 878 306 942 Valerio
320 878 508 944 Publicolae
524 880 614 975 dptars
629 898 646 940 e
661 878 754 958 plebe
771 879 895 963 collega
920 877 963 945 C.
984 878 1130 943 Marcius
1147 877 1308 943 Rutilus.’'

47 972 173 1036 ttulit.
194 973 244 1034 21.
274 1008 318 1020 —
350 972 575 1054 „Dictator-em
601 993 730 1057 qnoque
760 972 811 1034 bic
837 994 935 1035 anulis
958 977 1005 1053 (ιι.
1028 995 1058 1036 c.
1082 973 1171 1052 402.)
1200 973 1311 1035 babuit

44 1065 213 1141 llfabinm,
242 1066 330 1131 nullo
354 1079 480 1131 terrore
503 1065 599 1140 belli,
628 1067 685 1129 sed
709 1086 747 1128 ne
771 1066 907 1130 Licinia
925 1068 977 1129 lex
1004 1067 1139 1133 consitiis
1161 1069 1309 1131 consula·
1435 1086 1445 1099 ¹

39 1161 95 1222 obas
115 1161 343 1227 observaretur.
376 1160 528 1244 magister
556 1160 697 1244 equitum
729 1160 880 1223 dictatori
906 1161 1029 1225 additus
1060 1162 1104 1242 Q.
1133 1163 1308 1226 Servilius.

37 1273 75 1315 aee
94 1265 177 1317 tamen
201 1255 355 1318 dictatura
381 1254 601 1335 potentiorem
623 1276 693 1321 esim
723 1275 911 1320 consensum
939 1268 1062 1338 patrum
1091 1256 1310 1329 consularibus

35 1346 130 1410 ιιιιὶῐίιι
150 1348 220 1413 lecit
249 1369 345 1432 qnam
378 1348 531 1412 censoriis
561 1347 679 1412 fluerat.
725 1349 777 1413 M.
813 1349 973 1430 Popillius
1007 1352 1134 1413 Laenas
1165 1372 1180 1412 a
1216 1351 1309 1430 plebe

35 1441 127 1517 eonnl,
154 1466 175 1509 a
195 1442 340 1525 patribus
369 1443 413 1505 L.
448 1440 619 1507 Cornelius
650 1441 760 1523 Scipio
793 1444 920 1506 datus.’'
964 1444 1040 1507 Liv.
1072 1445 1155 1509 VII.
1186 1446 1239 1507 22.
1269 1478 1311 1495 -·

34 1535 202 1617 „Prirnquam
223 1536 342 1600 inirent
365 1536 441 1625 nori
463 1537 610 1599 consules
632 1539 673 1614 (a.
696 1558 728 1598 n.
753 1537 843 1616 404.)
866 1537 1101 1622 magistratum,
1134 1541 1310 1621 triumphus

34 1629 173 1710 aPopillio
192 1633 229 1694 de
252 1630 355 1695 Gallis
378 1642 466 1693 actru
492 1650 607 1714 magno
631 1628 747 1692 lavore
770 1631 889 1711 plebis;
914 1644 1150 1717 mussantesque
1171 1633 1255 1696 inter
1275 1654 1311 1696 se

32 1721 169 1803 rogitabant
189 1747 259 1788 num
286 1745 379 1809 quem
402 1723 518 1805 plebeii
544 1724 684 1786 consulis
707 1724 898 1804 paeniteret.
923 1726 1013 1788 simul
1039 1727 1227 1790 dictatorem
1251 1728 1309 1806 (L.

32 1814 127 1879 lurion
145 1817 324 1897 Camillum)
345 1818 569 1898 increpabant,
603 1817 659 1899 quai
685 1817 766 1901 legis
795 1818 951 1882 Liciniae
979 1833 1106 1901 spretae
1134 1822 1310 1883 ruercedam

33 1910 200 1989 emsnlatnm,
222 1914 350 1995 privata
370 1910 542 1993 cupiditate
558 1934 650 1994 quarn
666 1913 796 1993 publica
809 1912 922 1975 iniuria
938 1914 1134 1991 foediorem,
1160 1917 1308 1997 cepisset,

34 2014 97 2064 atae
117 2004 174 2087 ipse
197 2006 360 2071 consulem
381 2009 520 2068 dictator
542 2005 703 2075 crearet.”
749 2006 824 2069 niv.
849 2008 933 2072 vll.
957 2008 1011 2072 25.
1044 2044 1084 2055 —·
1121 2008 1311 2084 „Certatum

37 2098 144 2161 mern
170 2101 441 2183 dissuadendaque
470 2101 543 2183 lege
569 2099 737 2184 (Ogulnia)
765 2100 850 2164 inter
880 2104 946 2183 Ap.
969 2099 1144 2167 Claudium
1177 2107 1311 2169 maxime

40 2187 105 2253 lema
120 2205 147 2256 et
164 2193 245 2261 inter
267 2197 312 2260 P.
335 2194 468 2258 Decium
497 2195 645 2258 Murem.
683 2196 825 2276 quicum
849 2197 1080 2261 eademlerme
1102 2201 1140 2260 de
1164 2199 1233 2260 iure
1256 2219 1312 2279 pa-

42 2291 93 2346 tron
109 2308 138 2350 ac
161 2290 281 2371 plebis,
309 2310 390 2372 quae
418 2289 574 2371 prolege
598 2288 734 2353 Licinio
758 2291 916 2370 quondam
938 2303 1113 2375 contraque
1139 2311 1206 2353 earu
1229 2291 1312 2354 dicta

42 2390 105 2458 unt,
116 2382 325 2467 eomplebeiis
340 2384 523 2447 consulatus
538 2384 734 2468 rogabatur,
751 2383 999 2448 disseruissent³'
1022 2395 1086 2448 cet.
1118 2384 1197 2448 Liv.
1214 2387 1261 2449 X.
1279 2387 1309 2449 7.

153 2601 293 2664 Lacinia
316 2601 357 2663 de
379 2597 536 2663 creandis
557 2599 750 2663 tritamnirie
772 2600 986 2684 epulonibus.

94 2758 213 2827 ‚Romae
242 2782 285 2825 eo
311 2759 447 2842 primum
474 2781 557 2822 anno
585 2761 633 2838 (u.
651 2781 687 2822 c.
711 2760 798 2838 667.)
821 2758 979 2822 triumviri
1000 2760 1153 2840 epulones
1174 2759 1251 2824 lacti
1272 2763 1309 2827 0.
1373 2750 1378 2759 ¹

44 2846 141 2916 nnn,
158 2858 325 2919 Lmnttna
346 2853 491 2918 tribunus
516 2851 635 2934 plebis,
665 2852 721 2934 qui
747 2854 848 2937 legem
875 2855 913 2916 de
940 2855 1083 2917 creandis
1111 2853 1158 2916 bis
1181 2855 1307 2928 tulerat,

44 2950 63 2998 et
76 2941 103 3005 P·
116 2946 239 3012 llanlins
263 2962 296 3012 ct
321 2949 361 3012 Ρ.
378 2949 515 3013 Porcius
531 2951 656 3011 Laeca.
680 2947 716 3010 iis
732 2947 924 3025 triumviris,
948 2948 1022 3011 item
1040 2961 1073 3010 ut
1090 2948 1305 3029 pontificibus,

38 3028 86 3116 ltga
99 3040 182 3103 latum
205 3055 254 3106 est
279 3040 377 3125 togae
399 3053 583 3125 praetextae
606 3042 768 3104 habendae
791 3041 873 3105 ius.'’
908 3043 984 3104 Liv.
1009 3042 1180 3106 XXXlll.
1204 3041 1257 3104 42.

88 3132 263 3203 ,Pontifices
296 3149 421 3200 veteres
450 3148 586 3218 propter
615 3136 845 3199 sacrificiorum
874 3135 1101 3198 mrrltitndinem
1130 3148 1194 3199 tres
1219 3134 1308 3198 viros

30 3224 138 3299 titiones
156 3250 222 3294 esse
244 3231 436 3306 voluerunt,
461 3251 532 3292 cum
555 3242 660 3293 essent
678 3229 740 3311 ipsi
759 3253 775 3292 a
799 3232 920 3304 Numa,
945 3242 979 3292 ut
1002 3229 1094 3292 etiam
1117 3229 1191 3292 illud
1216 3231 1306 3293 ludo-

27 3330 74 3377 nm
90 3323 199 3400 epulare
219 3324 411 3391 sacrificium
436 3324 597 3399 facerent,
621 3322 789 3395 instituti.'’
813 3326 851 3386 de
874 3325 970 3387 Orat.
994 3324 1061 3388 tlt.
1087 3326 1142 3396 lll,
1169 3324 1220 3387 73.

84 3413 157 3479 lianc
182 3420 287 3505 legem
317 3419 453 3503 Pighius
482 3419 581 3495 (Anu.
611 3419 710 3482 Rom.
741 3420 783 3481 T.
815 3419 865 3482 11.
891 3440 926 3500 p.
952 3418 1040 3497 260.)
1071 3421 1305 3495 Romuleinm‚

30 3498 124 3573 illelius
147 3512 263 3599 aliique
289 3513 462 3579 Manlium
492 3524 625 3594 vocant,
660 3511 783 3592 decepti
809 3511 930 3574 scilicet
957 3512 1067 3593 pravis
1096 3506 1304 3593 lectionibus,

32 3612 82 3673 ttae
97 3616 155 3669 ante
174 3606 474 3683 Drakenborcbium
497 3604 584 3669 Livii
606 3604 761 3669 editiones
784 3607 996 3689 occupabant.

575 3823 712 3886 Liviae.

50 4055 55 4070 ,
88 3983 152 4049 ιΜ.
167 3984 285 4049 Liuius
301 3987 458 4057 Drusus,
482 3981 749 4062 tribunusplebis
772 3983 816 4060 (a.
839 4003 872 4045 ιι.
897 4005 925 4050 c.
949 3984 1054 4063 662),
1080 3995 1113 4046 ut
1129 3983 1302 4047 maioribus

35 4063 113 4133 ”blus
135 4091 258 4141 senatres
278 4098 420 4139 caussam
442 4089 619 4157 susceptam
642 4087 803 4152 tueretur,
828 4076 934 4140 socios
960 4089 991 4139 et
1013 4077 1141 4141 Italicos
1165 4081 1303 4159 populos

29 4172 65 4234 ‘l’e
83 4165 198 4234 civitatis
224 4172 390 4255 Romanae
409 4170 613 4235 sollicitavit:
639 4170 739 4252 iisque
762 4169 983 4233 adiuvantibus
1009 4194 1067 4253 per
1093 4172 1155 4234 vim
1179 4174 1302 4257 legibus

27 4259 140 4330 “iterim
149 4264 467 4355 frumentariisque
490 4264 560 4327 latis
577 4264 797 4327 iudiciariam
820 4286 949 4349 quoque
971 4266 1116 4346 pertulit,
1141 4280 1179 4330 nt
1193 4290 1302 4353 aequo

26 4358 95 4449 illle
113 4355 229 4424 indicio
253 4380 360 4443 penca
387 4370 546 4423 senatum
574 4372 607 4421 et
634 4370 826 4442 equestrem
853 4359 1008 4422 ordinem
1034 4361 1180 4424 essent.”
1224 4362 1300 4424 Liv.

27 4432 88 4545 ipat.
100 4445 146 4511 lib·
158 4454 287 4519 LXXI.
302 4488 344 4501 -
366 4457 402 4520 A
408 4456 515 4536 ι’βιος
533 4453 719 4537 Δροῦσος
739 4453 928 4539 δημαρχῶν,
945 4450 1027 4540 ἀνὴρ
1043 4444 1302 4543 ἑαιφανέστατιις

26 4550 50 4591 ³²
64 4541 166 4624 rivom,
196 4552 346 4629 δεηθεῖσι
367 4553 437 4626 τοῖς
461 4541 663 4622 Ἰταλιώταις
683 4541 784 4631 νόμον
812 4536 918 4622 αὖθις
940 4541 1125 4628 α’σιιιεγκιῖα
1148 4554 1220 4633 περὶ
1246 4550 1302 4627 τῆς

28 4629 151 4731 “clusine
172 4635 341 4730 ὑπέσχετο.
380 4637 499 4708 τούτου
527 4637 591 4729 γὰρ
621 4636 661 4719 δὴ
685 4635 832 4724 μάλιστα
858 4634 1064 4721 ἐπεθύμουν,
1094 4636 1137 4716 ὡς
1155 4643 1199 4707 inl
1221 4642 1300 4731 ragida

30 4738 114 4789 “2¹¹1ss
131 4728 272 4819 ἡγεμόνες
293 4731 364 4803 ἀντὶ
383 4730 534 4816 ὑπηκόων
554 4728 715 4820 ἐσόμενοι.
739 4728 757 4799 ὁ
777 4736 829 4813 de,
851 4730 909 4798 τὸν
930 4733 1034 4816 δῆμον
1054 4734 1086 4810 ἐς
1106 4736 1202 4799 τοῦτο
1219 4757 1299 4818 προ-

32 4808 194 4908 illumina,
212 4826 354 4918 ιἰτήγιτο
375 4825 543 4907 ἀποικίαις
563 4832 703 4906 πολλαῖς
721 4827 754 4905 ἔς
767 4851 803 4925 re
823 4824 882 4907 τὴν
900 4828 1041 4894 Ἰταλίαν
1056 4833 1111 4895 καὶ
1131 4829 1301 4908 Σικελίαν,
