3490 5586
359 394 422 461 ³88
759 386 911 459 INDEX
932 384 1286 457 FORMULARUM.

361 532 434 618 ipro
456 531 590 598 loedere
618 540 763 597 raretum
792 541 886 615 atque
914 526 1145 613 praescriptum
1175 539 1241 593 eata
1275 525 1329 593 Ut
1348 546 1482 593 narem
1502 529 1588 593 dare
1605 550 1651 595 ne·

363 648 480 693 neree
501 625 565 691 eil.
603 625 706 690 Verr.
730 625 851 690 Aenus.
875 625 911 700 5,
937 624 996 700 19,
1020 623 1074 687 50.

448 720 718 785 Foederatua.
763 716 919 782 Civitatea
938 717 1180 783 foederatae
1199 717 1280 779 dnae
1297 722 1371 778 aunt
1391 710 1424 781 in
1441 706 1557 779 sinilia.
1575 713 1651 779 Verr.

364 816 488 881 Accua.
510 812 549 889 3,
568 812 612 890 Ι6,
638 813 688 877 ld.

448 907 608 971 Foedua
629 906 773 971 lenire.
806 926 869 987 pro
892 907 978 973 llab.
1004 907 1100 972 Poat.
1124 904 1165 978 3,
1189 903 1222 967 6.

446 1001 696 1067 Fortunare.
740 1001 824 1064 Eum
851 1001 1007 1065 honorem
1031 997 1232 1073 tibideoe
1258 996 1479 1062 fortunare
1508 996 1603 1061 volo.
1625 998 1653 1059 al

363 1094 456 1158 Fam.
475 1096 535 1171 15,
553 1095 584 1159 7.
608 1125 649 1139 -
672 1093 766 1158 Tibi
787 1091 1081 1177 patrimonium
1103 1091 1159 1156 dii
1180 1091 1410 1158 fortunent.
1435 1089 1652 1164 annnam.

447 1189 607 1253 Forum.
651 1187 696 1252 In
715 1188 853 1253 forum
874 1187 1118 1259 convenire.
1163 1186 1335 1252 Postulant
1354 1183 1565 1269 palaestritae,
1585 1182 1651 1246 atie

364 1302 433 1347 eam
453 1303 523 1346 rem
545 1283 667 1369 iudicer
690 1284 805 1346 dentem
829 1304 872 1347 err
893 1283 931 1346 iia
956 1280 1157 1358 civitatibua,
1191 1300 1276 1366 quae
1303 1278 1338 1344 in
1365 1279 1404 1343 id
1432 1280 1560 1344 lorum
1585 1297 1652 1340 eor·

364 1375 574 1442 venirent.
605 1378 707 1441 Verr.
730 1379 853 1443 Aecus.
876 1377 914 1454 2,
941 1377 998 1452 15,
1024 1374 1078 1439 38.

430 1471 592 1537 ‘Forum
615 1470 788 1537 eierare.
833 1469 921 1534 Vide
942 1470 1128 1535 Eiarare.

448 1566 599 1631 Forum
622 1566 770 1649 populi
794 1565 973 1633 Romani.
1018 1565 1118 1628 Verr.
1139 1564 1260 1629 Accua.
1284 1564 1321 1640 1,
1345 1562 1406 1638 22,
1431 1562 1485 1627 59.

448 1661 616 1724 Fratres
645 1659 793 1744 populi
824 1658 996 1726 Romani
1026 1657 1144 1725 Aedui.
1185 1659 1224 1721 ad
1253 1657 1345 1721 Fam.
1374 1658 1413 1733 l,
1443 1656 1501 1735 11),
1531 1652 1651 1719 a.-u

363 1753 436 1818 Au.
462 1753 641 1831 t,19,t.

448 1847 690 1912 Fraudatio.
735 1848 821 1913 Vide
843 1847 895 1912 Ut
917 1846 1024 1909 inter
1046 1847 1179 1911 bonor
1202 1856 1265 1909 eet.

448 1940 604 2017 Fraudi
633 1962 723 2004 erae
748 1941 887 2006 alioui.
922 1939 1282 2017 11Α11.5,21,12.
1315 1973 1357 1985 -
1392 1936 1471 2019 Qui
1498 1931 1651 2001 ab‘arnir

364 2033 701 2113 dieneneeriotet
729 2046 796 2099 aut
819 2035 866 2096 ad
888 2031 931 2099 C.
957 2035 1122 2099 Pansam
1145 2044 1213 2097 aut
1233 2034 1280 2097 ad
1300 2034 1346 2097 A.
1369 2030 1544 2095 Hirtium
1565 2027 1649 2095 Coae.

363 2137 431 2190 aut
460 2129 506 2190 ad
531 2125 576 2192 D.
608 2129 771 2193 Brutum
803 2126 897 2193 cos.
927 2128 1198 2211 designatum,
1232 2137 1299 2190 aut
1327 2126 1373 2189 ad
1401 2123 1445 2193 C.
1475 2122 1649 2190 Caeratea

362 2240 435 2327 pro
457 2232 652 2304 praetore
673 2232 764 2285 ante
786 2221 878 2285 Idue
894 2221 1066 2287 Martiae
1088 2220 1239 2305 primae
1261 2219 1455 2296 adierint,
1478 2218 1527 2283 iia
1546 2208 1648 2281 lrauli

367 2335 415 2377 ne
436 2314 509 2390 ait,
533 2318 742 2401 quodcum
765 2316 818 2379 M.
842 2315 1028 2381 Antonio
1050 2313 1221 2380 luerint.
1255 2313 1402 2398 Philipp.
1425 2314 1463 2391 8,
1487 2313 1542 2389 11,
1562 2308 1646 2373 33.-

367 2408 453 2475 vide
475 2409 643 2475 Multam
666 2419 821 2493 petere.

449 2502 639 2569 Fruetua.
681 2501 768 2567 Vide
791 2502 1055 2587 Maneipiuur.

447 2595 580 2660 Fundi
601 2596 745 2681 populi
766 2596 868 2665 facti
889 2607 953 2660 eet.
977 2617 1038 2679 pro
1062 2596 1166 2661 Balbo
1188 2595 1224 2675 8,
1245 2595 1299 2658 21.

446 2689 631 2766 Fundua,
655 2690 722 2773 qui
745 2702 804 2754 eat
824 2690 861 2754 in
884 2711 1003 2775 agro,
1028 2690 1093 2776 qui
1110 2689 1278 2767 Sabinus
1299 2698 1490 2752 vocatur:
1514 2697 1642 2763 eunegt

365 2803 414 2847 ex
435 2780 524 2848 iure
547 2783 770 2869 Quiritium
793 2806 916 2849 meum
939 2805 1025 2848 erae
1047 2783 1122 2849 aio.
1169 2781 1266 2846 Indo
1289 2779 1345 2845 ibi
1366 2802 1443 2867 ego
1464 2793 1500 2845 te
1521 2801 1563 2843 ea
1585 2776 1642 2839 iurt

365 2896 519 2941 manum
534 2887 767 2959 nornen-turn
782 2899 897 2944 voro.
920 2899 983 2962 pro
998 2877 1137 2943 Murena
1153 2875 1213 2950 12,
1230 2876 1285 2941 26.
1319 2874 1551 2940 Adreraariuet
1571 2867 1642 2933 Urit

365 2979 409 3033 tn
431 2991 486 3032 me
509 2991 556 3034 ox
577 2970 665 3034 iure
688 2991 837 3034 manum
860 2982 1095 3039 consertum
1124 2970 1305 3045 vocanti,
1340 2969 1433 3033 inde
1461 2968 1517 3033 ibi
1541 2980 1602 3047 ego
1619 2967 1640 3018 u

366 3082 531 3130 revoco.
575 3065 735 3131 Praetorr
758 3065 849 3131 Suia
871 3065 1059 3150 utrinque
1081 3063 1379 3147 superatitilaue
1402 3053 1637 3148 praesentitur

365 3153 487 3220 iatam
510 3156 611 3222 virm
634 3157 743 3225 dicor
780 3159 879 3224 inite
902 3160 1018 3223 viam.
1065 3157 1347 3224 Rediteviam.
1392 3158 1478 3223 lbid.

450 3249 587 3315 Funur
616 3249 817 3317 indicitur
847 3252 1001 3332 (formula
1032 3252 1149 3317 Olina
1181 3251 1323 3334 Quiria
1348 3252 1439 3320 leto
1462 3238 1627 3315 narraui

367 3344 407 3407 de
426 3344 537 3429 Legg.
559 3344 597 3421 2,
621 3345 678 3423 21,
703 3347 755 3411 61.
797 3347 883 3417 Vide
905 3345 1112 3412 Dominua.

453 3437 597 3503 Furem
619 3450 747 3504 noctu
768 3438 893 3504 liceto
917 3438 1121 3515 occidere,
1145 3451 1183 3504 et
1204 3439 1307 3519 luci,
1328 3438 1364 3504 ni
1385 3462 1428 3504 ae
1449 3437 1529 3503 telo
1549 3424 1628 3495 dell*

367 3529 453 3595 dat:
479 3529 532 3595 lex
558 3533 597 3595 de
617 3532 702 3597 XII.
725 3533 853 3597 tabulie.
876 3554 937 3616 pro
954 3532 1065 3599 Trrllio
1083 3535 1136 3598 tt.
1160 3565 1201 3587 ψ-
1223 3534 1363 3610 Furem,
1386 3535 1449 3597 lano
1463 3542 1524 3605 eat,
1546 3515 1635 3608 put*

365 3642 436 3686 nem
463 3634 496 3687 et
521 3624 678 3693 latronem
705 3626 775 3691 laer
801 3628 906 3693 occidi
928 3637 1037 3695 vetant
1057 3626 1140 3692 ΧΠ.
1163 3628 1303 3692 tabulae.
1347 3627 1440 3691 Nisi
1460 3645 1499 3689 ae
1519 3619 1589 3686 talo
1603 3608 1637 3669 l*

365 3714 508 3793 fendit,
532 3716 651 3802 inquit,
679 3719 773 3785 etiam
801 3720 829 3786 ai
854 3743 924 3786 eum
949 3722 1015 3788 telo
1037 3722 1179 3798 venerit,
1214 3721 1274 3785 nini
1296 3731 1405 3786 utetur
1425 3721 1490 3785 telo
1513 3735 1549 3781 ea
1567 3715 1639 3772 ³0¹³

366 3809 541 3965 puinabit:
577 3833 654 3877 non
678 3813 859 3880 occider.
904 3815 1073 3898 Quodsi
1094 3814 1196 3899 (Cod.
1221 3815 1390 3896 Quoaaa)
1410 3798 1638 3903 repugn⁸¹f¹²¹
1671 3812 1672 3893 l

366 3922 411 3965 en
445 3904 658 3987 oplorato.
684 3908 838 3986 horeat,
862 3908 1081 3985 conclamato,
1106 3921 1139 3974 ut
1163 3907 1260 3992 aliqui
1282 3909 1411 3977 audiant
1431 3921 1461 3974 et
1481 3890 1640 3971 ooorouart·

347 3993 452 4060 'Ibid.
484 4000 536 4063 50.
570 4034 613 4046 -
642 4001 725 4066 ΧΠ.
747 4003 873 4069 tabulae
903 4016 1091 4069 nocturnum
1118 4003 1222 4066 iurem
1243 4024 1377 4089 quoquo
1405 4003 1514 4076 modo,
1535 3990 1639 4054 unua·

365 4099 488 4167 autem,
511 4091 539 4154 ai
560 4114 596 4157 re
621 4094 686 4159 telo
709 4096 910 4173 defenderet,
934 4097 1070 4167 interfici
1084 4097 1212 4180 impune
1226 4098 1412 4177 voluerunt.
1434 4115 1493 4182 pro
1506 4067 1639 4157 Milli·

450 4184 573 4249 Furti
595 4188 717 4255 aetio.
761 4189 848 4255 Vide
871 4192 958 4275 Ope
980 4191 1239 4277 consilioque
1267 4201 1349 4258 tuo.

449 4279 571 4345 Furti
593 4302 725 4366 agere.
749 4285 789 4347 ad
809 4284 904 4351 Fam.
929 4290 966 4363 7,
991 4286 1044 4350 22.

448 4372 567 4436 Furti
590 4377 725 4460 aliquem
750 4388 895 4442 notant
917 4400 1079 4447 eenaorea.
1107 4379 1427 4463 proclamante,
1452 4371 1519 4437 119.
1622 4435 1627 4451 ,

448 4464 638 4532 Gentiles
660 4480 752 4547 aunt,
774 4469 859 4534 inter
877 4492 911 4535 ae
931 4473 985 4555 qui
1007 4476 1118 4543 eodem
1140 4473 1270 4541 nomino
1291 4484 1380 4548 aunt;
1402 4469 1455 4557 qui
1474 4467 1511 4529 ab
1530 4454 1637 4545 iuguli

364 4553 489 4623 emundi
511 4572 603 4637 aunt3
637 4583 774 4648 quornm
800 4563 955 4630 maiorum
981 4588 1074 4633 nemo
1104 4567 1291 4635 aerritutem
1318 4564 1465 4638 terriuit3
1498 4550 1544 4639 qul
1564 4540 1636 4621 ⁰¹l¹¹²

362 4668 428 4713 non
453 4664 527 4715 aunt
550 4653 714 4720 deminuti.
760 4656 879 4741 Topic.
900 4659 944 4736 ,5,
969 4661 1022 4727 29.
1349 4660 1364 4691 ’·

445 4743 706 4813 Gentilitatia
728 4769 773 4814 an
793 4749 939 4834 atirpio
960 4752 1037 4821 iun.
1074 4758 1112 4820 de
1135 4758 1197 4823 Or.
1221 4759 1259 4834 1,
1283 4757 1441 4841 39,,176.

453 4836 582 4904 Gieba
603 4839 641 4906 in
663 4861 708 4908 oa
729 4845 879 4911 mortui
899 4845 1063 4915 iniecta.
1108 4851 1301 4939 Priusquam
1327 4851 1359 4917 in
1385 4873 1422 4918 or
1447 4844 1547 4912 iniecta
1568 4817 1607 4909 git
