3220 5572
492 282 644 383 tnnnx
665 314 848 380 uncum.
911 260 916 269 „
1159 361 1165 381 .
1268 314 1329 380 ete
1361 322 1365 327 ·

71 457 99 529 ai
111 452 190 545 &pa
206 452 249 536 εἰς
269 451 327 524 τὸν
345 456 448 544 δῆμόν
469 452 655 544 εἰσενεχθὲν
673 449 780 523 τόντε
803 451 995 522 Κάσσιον
1012 454 1133 523 ἔπαυσε
1149 454 1209 536 τῆς
1226 457 1332 537 δημα-

70 556 151 639 yau'ee
164 557 212 619 ael
227 549 284 633 τὴν
300 546 591 641 ἀναῤῥιπιζομὲνην
611 552 644 615 ἐκ
660 553 723 617 τῶν
740 546 884 635 πενήτων
898 545 1016 619 στάσιν
1037 545 1096 619 οὐκ
1112 550 1200 621 tinea
1217 573 1332 639 περαι-

70 650 299 736 apamenam
340 648 440 713 Dion.
467 645 574 711 Halic.
595 645 698 715 VIll.
723 646 775 710 76.

303 824 423 893 Cassia
444 824 637 891 tabellario.
683 823 761 889 vit.
785 826 1039 890 Teutomatus..

497 1003 619 1072 Cessm
641 1004 837 1071 decanatu.

115 1127 229 1201 ‚Etiam
257 1129 338 1194 baec
362 1129 542 1195 recentiora
569 1139 758 1213 praetereo:
788 1150 904 1211 ponam
928 1114 1114 1214 principium
1140 1128 1328 1198 iustissimae

50 1222 169 1288 libertatis
191 1221 330 1289 Cassiam
353 1224 596 1306 (tabellariam),
627 1245 688 1308 qua
711 1224 782 1309 lege
802 1224 1028 1308 suffragiorum
1052 1224 1098 1288 vis
1121 1238 1327 1310 potestasque

48 1317 191 1393 unselein
219 1320 367 1382 alteram
393 1319 567 1395 Cassiam,
600 1340 680 1406 quae
706 1317 819 1402 populi
839 1317 950 1381 iudicia
975 1319 1148 1383 firmauit.'’
1191 1318 1326 1385 Cornel.

46 1409 135 1495 largn.
155 1411 202 1474 ll.
222 1434 256 1494 p.
279 1414 356 1477 eat.
399 1416 524 1479 Altera
544 1413 668 1480 Cassia
688 1413 758 1489 lex,
796 1433 876 1499 quae
904 1413 1016 1496 populi
1038 1413 1152 1503 ¹iudicia
1175 1414 1325 1490 firmavit,

46 1525 107 1587 qaae
122 1504 172 1582 eit,
192 1517 300 1589 potest
324 1506 449 1593 quaeri.
492 1509 554 1573 Est
576 1518 680 1572 autem
700 1509 799 1571 haec:
824 1511 866 1572 Ι..
884 1508 1025 1574 Cassius
1041 1509 1085 1571 L.
1104 1505 1131 1570 f.
1148 1510 1328 1594 Longinus

44 1598 155 1663 tubanus
170 1600 270 1685 plebia
295 1600 337 1667 C.
354 1600 466 1667 Mario
487 1599 530 1668 C.
556 1600 672 1667 Flavio
695 1623 781 1666 coss.
805 1603 848 1681 (a.
873 1624 904 1670 u.
928 1602 1019 1682 649.)
1048 1603 1156 1683 pluma
1178 1604 1267 1687 leges
1290 1607 1329 1668 ad

44 1692 200 1758 niuuentlam
219 1695 395 1761 nobilitatis
415 1695 589 1781 potentiam
609 1696 698 1773 tulit,
721 1694 753 1760 in
777 1696 893 1782 quibua
911 1698 994 1759 hauc
1013 1697 1125 1773 etiatn,
1149 1710 1204 1772 ut,
1228 1721 1329 1785 quem

40 1789 155 1870 pontus
171 1789 368 1855 damnasset
385 1791 482 1855 cuiue
503 1789 687 1875 imperium
704 1791 924 1875 abrogasset,
949 1791 985 1855 in
1003 1803 1127 1855 senatu
1145 1812 1213 1856 nou
1228 1806 1330 1859 eaeet.

44 1881 144 1945 tuear
170 1896 270 1949 autem
296 1906 364 1949 eam
393 1884 529 1949 maxime
550 1895 685 1969 propter
710 1886 885 1950 simultates
910 1906 981 1948 enm
1013 1884 1238 1967 Q.‘Servilio,
1274 1887 1329 1973 qui

45 1985 94 2038 aute
111 1976 257 2043 biennium
280 1980 391 2045 consul
410 1981 533 2058 fuerat,
560 1991 591 2044 et
612 1979 664 2043 cui
684 1982 845 2063 populus,
868 1979 941 2063 quia
963 1978 1044 2042 male
1064 1982 1217 2043 advemus
1239 1977 1329 2045 Cim·

47 2068 100 2132 lrot
120 2091 179 2135 aem
201 2066 368 2160 gesserat,
397 2073 563 2157 imperium
586 2073 792 2158 abrogavit.''
851 2075 976 2139 Ascon.
999 2075 1031 2136 in
1055 2070 1191 2138 Cornel.
1214 2094 1249 2156 p.
1274 2075 1327 2139 78.

102 2163 181 2230 Hane
196 2188 267 2232 esse
286 2169 425 2233 eiusdem
443 2170 485 2233 I..
505 2167 620 2234 Cassii
644 2168 796 2253 Longini
818 2166 938 2233 tribuni
958 2165 1078 2252 plebis,
1102 2188 1119 2229 a
1139 2188 1204 2252 quo
1226 2169 1329 2231 tabel-

54 2252 103 2318 laria
118 2260 255 2341 profecta
278 2274 346 2341 est,
370 2264 477 2327 dicunt
496 2261 665 2327 Ernestius
685 2275 718 2328 et
731 2260 921 2342 Schiitziua‚
946 2282 1027 2348 quos
1052 2282 1070 2326 a
1092 2282 1172 2326 vero
1198 2262 1328 2325 multum

53 2349 158 2417 alenam
182 2357 340 2422 arbitror:
383 2356 566 2422 Tabellaria
586 2356 770 2437 'enimplata
801 2368 851 2419 eat
880 2379 912 2420 a.
944 2378 977 2421 u.
1011 2355 1086 2419 616.
1131 2354 1257 2437 Lepido
1297 2365 1330 2418 et

50 2440 159 2513 lltstino
178 2470 282 2528 eoas„
307 2451 386 2515 ba'ec
408 2452 507 2515 altera
526 2472 652 2517 veroa.
670 2473 702 2514 u.
719 2450 794 2515 ota.
839 2449 882 2516 C.
901 2449 1013 2515 Mario
1029 2447 1072 2514 C.
1092 2448 1210 2514 Flavio
1226 2468 1326 2524 coss,

49 2545 257 2627 tleanpotins
281 2568 300 2611 a
323 2545 391 2611 fitto
413 2545 499 2622 eiua,
530 2545 585 2630 qui
606 2545 801 2609 tabellariam
824 2543 914 2624 tulit,
945 2545 1039 2609 latam
1065 2553 1187 2627 putem.
1232 2540 1330 2609 Cete-

48 2635 375 2707 conuenientem
398 2639 543 2705 lectionis
564 2642 605 2704 ad
626 2642 749 2707 Ascou.
771 2640 796 2704 l.
820 2660 850 2704 c.

342 2798 463 2867 Cassia
485 2810 517 2865 et
539 2802 716 2866 'sensuam
725 2797 987 2891 frumentario.

106 2918 322 2991 ‚Frumentum
348 2922 380 2986 in
408 2922 515 2988 Sicilie
541 2944 647 2988 emere
668 2921 777 2987 debuit
806 2922 931 2987 Verres
960 2944 1003 2987 ex
1027 2934 1154 2989 senatus
1178 2923 1328 2989 consulto

49 3016 114 3072 tltx
136 3015 201 3099 lege
233 3018 404 3082 Terentio
428 3029 460 3081 et
484 3019 607 3084 Cossio
630 3016 907 3106 frumentaria.”
957 3020 1060 3084 Verr.
1089 3019 1148 3091 lib.
1172 3018 1240 3084 Ill.
1266 3019 1326 3094 to,

46 3099 145 3165 166-
172 3110 313 3183 ,Utrum
340 3109 395 3173 lex
423 3112 589 3176 Terentia
618 3110 799 3176 Siculorum
830 3113 963 3195 pecunia
987 3113 1185 3177 frumentum
1204 3128 1326 3187 emere,

44 3209 70 3253 ὃν
79 3201 167 3281 nepoti
179 3202 320 3269 Romani
334 3204 471 3286 pecunia
483 3205 677 3271 frumentum
695 3226 714 3268 a
729 3204 844 3270 Siculis
858 3227 963 3271 emere
985 3206 1124 3270 iussit‘?”
1146 3242 1188 3254 --
1217 3205 1329 3289 „Cum

44 3303 72 3346 ²¹
87 3305 192 3361 metm
224 3296 379 3363 consulto
407 3297 547 3383 itemque
568 3320 610 3362 ex
639 3299 712 3383 lege
735 3300 901 3363 Terentia
929 3310 961 3364 et
988 3301 1111 3365 Cassio
1136 3290 1329 3364 linimentum

45 3384 209 3462 multitu
229 3390 296 3454 emi
320 3393 362 3454 ab
384 3389 531 3457 omnibus
562 3391 688 3457 Siciliae
712 3390 895 3457 civitatibus
916 3404 1102 3476 oporteret,
1142 3394 1177 3458 id
1199 3414 1331 3479 quoque

46 3490 125 3542 unns
141 3483 207 3548 leve
222 3497 322 3571 atque
335 3505 503 3550 commune
518 3484 719 3551 Mamertinis
733 3486 916 3551 remisisti.'’
951 3489 1050 3552 Verr.
1067 3487 1126 3561 lib,
1139 3489 1186 3552 V.
1203 3488 1260 3563 21,
1279 3488 1333 3553 59.

101 3572 172 3642 bate
191 3591 242 3644 eat
266 3601 284 3642 a
305 3581 433 3644 duobus
447 3580 631 3645 consulibus
649 3580 828 3648 caccum
845 3592 877 3645 et
892 3584 948 3647 M.
966 3583 1130 3647 Terentio
1149 3603 1181 3644 a.
1201 3603 1234 3645 u.
1252 3580 1329 3643 680.

51 3678 161 3735 tlucum
177 3685 322 3750 senatus,
340 3674 396 3759 qui
413 3674 505 3740 aliter
524 3673 643 3759 placari
657 3675 799 3758 plebem,
813 3675 845 3739 iu
864 3688 1005 3740 senatum
1020 3674 1113 3741 nimis
1127 3674 1330 3739 vehementer

52 3770 167 3842 mu,
194 3789 260 3833 nou
282 3789 380 3851 posse
401 3769 610 3853 intelligebat.
654 3770 705 3834 Ea
729 3769 817 3856 quini
843 3770 940 3835 modii
966 3769 1100 3855 singulis
1127 3768 1159 3832 iu
1184 3764 1330 3851 singulos

51 3856 166 3925 tl⁸¹llluti
184 3863 333 3928 videntur
355 3864 449 3945 (Vid.
473 3864 551 3929 Sall.
576 3864 663 3930 Hiat.
686 3887 720 3950 p.
739 3867 815 3930 att.
839 3869 889 3931 ed.
912 3865 1068 3946 Cot-tii.):
1093 3861 1151 3928 uisi
1169 3861 1200 3924 id
1226 3861 1328 3941 ipsum

52 3944 243 4037 tle-pronis
270 3959 443 4041 repetitum
468 3969 530 4025 est.
583 3958 691 4043 Caput
719 3961 784 4025 eius
809 3958 938 4026 invenio
960 3962 1024 4025 hoc
1052 3960 1085 4023 in
1115 3956 1275 4025 Cicerone
1296 3955 1329 4017 iu

49 4032 115 4110 lut.
129 4048 193 4117 lll.
214 4052 269 4119 7⁰.
298 4065 333 4117 ut
358 4054 529 4139 quotannis
553 4076 596 4119 ex
626 4053 753 4120 aerario
778 4053 933 4138 pecuniae
959 4073 1078 4116 summa
1099 4056 1327 4115 decerneretur

45 4128 123 4215 δεῖθ’
143 4167 201 4229 qua
216 4147 412 4212 frumentum
431 4146 473 4213 in·
486 4147 610 4227 Sicilia,
634 4148 841 4213 lrttmeotaria
861 4147 975 4231 populi
989 4145 1128 4213 Romani
1145 4142 1325 4228 provincia,

43 4243 193 4309 tumore
214 4253 396 4320 emeretur,
430 4252 464 4307 et
484 4243 613 4329 quidem
636 4244 747 4307 eodem
767 4242 913 4308 omnibus
939 4240 1025 4306 anuis
1054 4239 1179 4324 pretio,
1214 4258 1329 4319 nempe

42 4329 169 4398 l¹¹²lttsis
190 4334 343 4401 sestertiis
370 4333 486 4421 singuli
514 4335 612 4400 tritici
641 4336 756 4412 modii,
791 4339 916 4403 duobus
951 4346 1054 4399 autem
1080 4332 1210 4399 hordei.
1246 4333 1327 4395 Vid.

42 4412 199 4501 leuant.
219 4430 263 4494 L.
284 4430 352 4495 111.
372 4429 405 4493 in
427 4432 529 4496 Vere.
555 4429 727 4510 Ceterum,
760 4443 866 4496 utrum
888 4434 929 4496 ad
951 4428 1091 4495 Siciliam
1114 4429 1215 4495 solam
1243 4426 1328 4490 istud
1357 4509 1361 4516 Ι

42 4525 113 4590 ⁰²ll⁸l
129 4522 325 4603 mtfinuerit,
348 4545 388 4589 an
406 4545 489 4592 vero
507 4524 583 4591 alias
602 4525 693 4589 etiam
716 4524 898 4609 provincias
918 4525 1121 4606 complexum
1141 4523 1198 4597 ait,
1223 4522 1261 4584 de
1284 4541 1326 4583 eo

42 4616 90 4666 Μ
105 4616 239 4683 convenit
258 4619 344 4684 inter
365 4618 522 4685 eruditos.
567 4620 652 4685 lllud
675 4620 769 4685 nobis
790 4619 918 4684 videtur
938 4640 956 4683 e
977 4616 1145 4684 Ciceronis
1163 4618 1239 4681 loco
1257 4612 1326 4677 lau·

44 4690 100 4761 6160
116 4708 211 4797 colligi
232 4734 349 4797 posss;
377 4715 441 4779 boc
465 4713 627 4779 contendit
649 4712 852 4778 contarenus
873 4715 898 4777 l.
923 4734 952 4780 c.
998 4715 1107 4798 Atque
1129 4715 1194 4776 boc
1218 4719 1325 4791 caput,

45 4800 97 4852 Ψ·
111 4806 255 4872 umatus
275 4806 344 4872 aliia
363 4808 520 4888 fortasse,
543 4810 583 4872 de
603 4810 701 4873 modo
724 4806 944 4892 comportandi
965 4806 1233 4891 distribuendique
1254 4802 1324 4867 fru-
