3214 5586
266 400 327 465 ιιι
750 400 1104 487 monumenta.

431 587 571 651 Lacuna
592 587 634 650 de
656 587 758 651 modo
778 608 961 673 agrorum.

349 729 457 811 „Quid
478 730 582 814 legem
602 728 772 794 Liciniam
791 730 941 793 excitavit
956 733 995 793 de
1012 728 1195 815 quingentis
1212 727 1379 813 iugeribus
1399 727 1459 793 nisi
1478 730 1584 815 ingens

265 822 380 906 cupido
398 844 496 931 agros
513 822 769 905 continuandi?''
791 824 869 888 Liv.
885 825 1055 889 XXXIV.
1073 825 1106 888 d.
1129 854 1170 867 -
1193 823 1303 904 „Quid
1317 824 1475 889 salubrius
1491 828 1585 889 ιίιιιιιι

265 931 312 982 est
335 919 504 1003 rogatione
526 917 579 981 illa
602 917 754 982 Stolonis
775 918 920 1002 iugerum
946 921 985 982 de
1009 939 1142 983 numero
1165 915 1391 1001 piaefinito?''
1434 920 1481 982 A.
1504 920 1586 985 Get.

348 1104 390 1172 C
413 1108 614 1180 Gracchus,
615 1108 757 1196 ,vetabat
781 1127 970 1192 quemquam
991 1107 1094 1170 civem
1120 1107 1192 1189 plns
1218 1105 1399 1227 quingentis
1425 1103 1584 1191 iugeribus

264 1203 400 1276 habere,
433 1203 525 1284 quod
547 1199 722 1284 aliquando
748 1201 821 1286 lege
843 1200 979 1266 Licinia
1005 1213 1129 1264 canatum
1153 1200 1257 1269 erat.''
1292 1196 1409 1264 Vellei.
1432 1199 1477 1266 ΙΙ.
1501 1203 1535 1279 6,
1556 1202 1584 1266 3.

263 1330 303 1343 -
326 1291 436 1373 Μόλις
460 1301 556 1374 ποτὲ,
586 1298 650 1361 τῶν
680 1291 854 1383 δημάρχων
883 1291 965 1379 sion)
966 1299 1134 1380 ονμένων,
1166 1295 1310 1383 ἔκριναν,
1341 1282 1529 1378 Μηδένα
1510 1321 1585 1383 elesa

263 1391 357 1470 τῆςὸι
396 1392 453 1469 τῆς
425 1391 544 1502 poppe
575 1391 648 1470 (τῆς
673 1386 882 1477 depexeurov)
900 1392 1060 1507 Ἡπλέθρα
1082 1389 1304 1455 πεντακοσίων
1332 1393 1481 1469 arleium,
1511 1394 1585 1474 μηδὲ

262 1480 519 1571 προβατιὺειν’
506 1481 623 1550 exonie
650 1486 748 1548 πλιιω
778 1479 820 1547 τὰ
851 1484 982 1563 μείζονα
1008 1488 1064 1547 scol
1092 1486 1313 1548 πεντακοσίων
1343 1480 1385 1549 τὰ
1414 1481 1583 1551 ἐλάσσονα.

265 1579 404 1661 Appian.
435 1578 518 1642 Bell.
552 1576 628 1641 Cin.
659 1577 685 1641 l.
715 1577 747 1639 8.
783 1576 882 1641 Conl.
907 1598 1003 1658 supra
1027 1576 1103 1639 Lir.
1128 1577 1191 1643 Vl.
1217 1576 1271 1640 35.
1310 1576 1480 1642 Plutarch.
1502 1579 1582 1641 inv.

144 1748 147 1753 ¹
264 1673 442 1738 Camillie
465 1672 551 1736 39.
543 1693 572 1733 m
597 1694 630 1735 ν.
654 1670 708 1733 'li.
733 1670 872 1733 Gracchi
896 1693 926 1732 c.
950 1673 983 1733 8.
1008 1671 1185 1737 Varroll.
1209 1670 1250 1736 R.
1276 1669 1306 1732 1.
1330 1672 1367 1744 9,
1392 1672 1426 1735 9.

352 1771 413 1849 ,.0
437 1765 593 1830 Licinium
615 1767 712 1829 Stolo
733 1786 751 1827 a
774 1766 825 1827 M.
849 1764 993 1847 Popillio
1017 1767 1158 1828 Laenate
1187 1768 1233 1845 (a.
1265 1785 1298 1827 ιι.
1322 1764 1410 1871 396.)
1438 1787 1495 1830 sna
1519 1768 1584 1850 lege

264 1820 371 1926 deceiia
394 1862 519 1924 milibus
546 1858 627 1921 aeris
653 1871 700 1921 est
726 1861 909 1934 damnatus,
933 1861 1020 1940 qnod
1047 1857 1168 1920 mille
1159 1876 1305 1942 iugerum
1331 1860 1401 1942 egri
1428 1879 1499 1920 curm
1524 1860 1584 1923 filie

263 1955 445 2040 possideret
462 1953 754 2036 emancipandoque
774 1952 872 2014 filium
887 1953 1031 2019 fraudem
1049 1953 1117 2035 legi
1133 1949 1295 2015 iecisset.”
1340 1953 1418 2015 Liu.
1435 1954 1524 2018 Vll.
1542 1956 1584 2016 lb.

262 2085 304 2097 -
336 2053 397 2123 ,0.
423 2048 578 2112 Licinius
599 2049 712 2120 Stolo,
744 2046 839 2109 cirins
857 2045 1013 2110 beneficio
1040 2047 1126 2128 plebi
1153 2046 1281 2128 petendi
1305 2049 1505 2110 consulatum
1537 2070 1585 2131 po

264 2157 361 2208 testas
388 2144 472 2207 sacta
503 2156 568 2215 est,
602 2163 671 2202 cum
692 2141 764 2225 lege
788 2141 960 2215 sanxisset,
989 2162 1028 2202 ne
1054 2139 1125 2223 quis
1146 2139 1283 2221 amplius
1304 2163 1396 2225 quam
1419 2141 1584 2226 quingenti

44 2296 48 2303 .
143 2252 147 2257 '
264 2240 332 2324 agri
352 2238 463 2323 iugera
490 2236 688 2320 possideret,
714 2235 780 2316 ipse
805 2234 891 2297 mille
917 2234 1133 2316 comparavit,
1158 2230 1434 2320 dissimulandique
1452 2235 1585 2299 criminis

192 2382 196 2393 .
238 2328 366 2417 'grstia
398 2332 558 2395 dimidiam
590 2341 714 2412 partem
742 2328 810 2392 lilio
844 2328 1066 2410 emancipavit.
1123 2328 1224 2408 Quam
1249 2330 1297 2389 lob
1328 2349 1453 2421 caussam
1487 2352 1504 2393 a
1542 2332 1583 2393 M.

263 2428 406 2509 Popillio
431 2428 573 2489 Laenate
595 2436 760 2486 accusatus
777 2423 896 2502 primus
911 2443 967 2484 sara
983 2424 1056 2506 lege
1073 2422 1220 2485 cecidit.''
1244 2423 1359 2485 Valer.
1377 2423 1473 2488 Max.
1488 2424 1582 2488 Vlll.

262 2523 298 2597 ι,
323 2522 355 2585 a.
401 2520 501 2586 con.
525 2521 610 2583 Pu...
634 2519 682 2582 n.
707 2520 751 2580 u.
774 2516 909 2612 xuni.
933 2516 966 2579 a.

432 2682 570 2743 Lucania
593 2689 623 2740 et
646 2680 774 2741 Scurra
797 2676 839 2738 de
861 2675 1060 2738 decemviris
1074 2699 1121 2763 ex
1132 2688 1234 2760 parte
1250 2678 1291 2741 de
1304 2678 1400 2761 plebe
1415 2677 1580 2741 creandis.

348 2800 502 2882 „Reiecti
529 2798 683 2863 decinmm
708 2797 800 2861 iidem
833 2798 969 2874 tribuni,
1001 2797 1143 2862 Sextius
1170 2810 1202 2861 et
1230 2799 1399 2874 Licinius,
1431 2801 1477 2879 (a.
1502 2823 1538 2864 u.
1558 2821 1580 2861 e.

263 2897 350 2973 386.)
366 2897 404 2958 de
420 2894 607 2957 decemviris
622 2896 697 2974 (pro
713 2890 901 2969 duumviris)
916 2912 1080 2955 sacrorum
1102 2912 1143 2955 ex
1165 2905 1257 2975 parte
1276 2897 1314 2956 de
1331 2894 1434 2975 plebe„
1445 2894 1580 2957 creanda

263 2992 365 3072 legem
389 2990 633 3073 (promulgatam
656 2988 720 3049 iana
741 3009 772 3049 a.
798 3009 831 3049 u.
854 3010 885 3049 c.
910 2986 983 3049 383.
1009 2986 1085 3048 Liv.
1110 2988 1175 3050 vl.
1199 2989 1266 3069 37.)
1288 2989 1469 3070 pertulere.
1492 2985 1579 3051 creati

263 3088 402 3169 quinque
426 3097 569 3165 patrum,
589 3084 733 3167 quinque
753 3082 872 3164 plebis;
896 3084 1062 3165 graduque
1082 3101 1121 3144 eo
1148 3082 1207 3145 iam
1235 3083 1283 3146 via
1305 3082 1391 3147 lacta
1414 3086 1456 3145 ad
1478 3103 1577 3147 contr

264 3180 360 3242 latum
387 3176 587 3241 videbatur.''
621 3179 697 3240 Liu.
724 3178 785 3243 Vl.
812 3177 865 3239 69.

432 3340 571 3400 Lucania
594 3349 623 3400 et
647 3338 773 3400 Scurra
799 3337 840 3399 cle
861 3338 972 3400 altero
993 3340 1131 3402 consiste
1151 3359 1199 3401 ex
1216 3337 1313 3421 plebe
1334 3337 1504 3403 creando.

352 3461 515 3542 „Aliquot
538 3459 647 3522 deinde
676 3459 765 3521 annis
790 3471 866 3540 post
895 3460 1013 3522 bellem
1040 3459 1231 3523 Senonicum
1261 3459 1407 3525 Thebani
1431 3460 1571 3523 Laerta

263 3556 387 3621 mouios
411 3559 489 3616 duce
517 3554 738 3635 Epaminonda
766 3556 851 3633 apud
877 3554 1016 3616 Leuctra
1045 3566 1296 3634 superaverunt.
1331 3576 1368 3617 ac
1395 3554 1489 3616 brevi
1522 3558 1574 3643 petl

262 3662 407 3732 tempore
432 3648 463 3712 in
488 3651 566 3711 urbe
593 3649 694 3712 Roma
720 3648 791 3753 lege
813 3647 939 3711 Licinii
961 3648 1113 3711 Stolonis
1134 3649 1282 3710 consules
1307 3646 1411 3711 creari
1437 3649 1531 3711 etiam
1547 3664 1577 3706 ea

264 3747 356 3826 plebe
381 3728 509 3824 coepti,
544 3764 612 3803 cum
606 3754 732 3804 nautea
761 3741 811 3803 ius
834 3763 897 3804 non
925 3753 1006 3803 essct
1032 3740 1092 3807 nisi
1117 3762 1157 3802 ex
1183 3739 1323 3821 patriciis
1347 3742 1497 3825 gentibus
1523 3735 1577 3804 eni

264 3837 442 3904 consulesl'
488 3839 532 3900 A.
558 3837 680 3901 Gellius
702 3835 820 3899 XVII.
845 3836 904 3909 91,
929 3836 982 3898 96.
1007 3835 1123 3897 97.-
1152 3836 1245 3908 „Lea
1267 3847 1335 3895 erat
1363 3837 1491 3900 Licinii
1514 3840 1578 3900 Sto·

261 3933 367 4005 lonis,
403 3942 437 3994 nt
468 3952 547 3993 ιιιιιιι
570 3932 710 4009 (consul)
731 3931 824 3992 lieret
847 3932 885 3992 de
911 3929 1070 4010 patriciis,
1107 3927 1185 3991 alius
1209 3930 1247 3990 de
1271 3927 1428 4009 plebeis.”
1477 3929 1579 3994 Schol.

264 4029 382 4092 Bob'
374 4050 405 4091 ιιι
438 4037 523 4091 orat.
554 4047 686 4108 pro.c
645 4027 832 4105 Scatrrop.
864 4026 1013 4087 376.-
1046 4021 1148 4089 (loni.
1185 4044 1283 4106 supra
1317 4025 1396 4089 Liv.
1433 4026 1501 4091 vl.
1534 4023 1579 4087 35.

265 4121 464 4184 Pluransh
456 4143 543 4184 mv.
569 4119 747 4185 Camillic.
772 4119 826 4182 69.

349 4218 487 4292 „Plebes
509 4215 707 4277 consulatum
732 4217 776 4293 (a.
801 4236 832 4275 ιι.
858 4213 944 4293 387.)
966 4217 1008 4278 L.
1025 4214 1166 4289 Sextio,
1191 4212 1279 4277 cuius
1295 4214 1368 4300 lege
1383 4225 1496 4297 partus
1509 4221 1582 4284 erat,

264 4308 383 4395 dedit.”
406 4308 483 4371 Liv.
510 4307 593 4371 vll.
619 4310 656 4371 1.·
672 4339 713 4350 -
736 4306 920 4388 „Extremo
941 4329 1024 4385 anno
1046 4311 1093 4388 (ιι.
1107 4328 1138 4371 e.
1156 4310 1241 4384 600.)
1264 4309 1392 4375 comitia
1411 4304 1585 4373 consularia

46 4398 49 4407 ’
139 4446 143 4451 ,
264 4415 421 4464 certamen
437 4414 562 4482 patrum
581 4401 734 4481 replebis
752 4402 895 4477 diremit,
921 4402 1056 4474 tribunis
1079 4401 1267 4486 negantibus
1289 4424 1442 4484 passuros
1465 4398 1603 4465 comitia·

262 4494 390 4569 haberi,
422 4497 453 4557 ni
482 4498 654 4557 secundum
677 4494 846 4559 Liciniam
869 4496 972 4579 legent
1002 4497 1212 4570 haberentur,
1245 4497 1403 4562 dictatore
1432 4494 1582 4560 obstinate

263 4588 376 4648 tollere
400 4589 510 4668 potius
532 4598 633 4651 totum
662 4608 737 4675 ere
760 4589 887 4669 publiea
910 4590 1107 4655 consulatum
1132 4611 1224 4675 quam
1248 4593 1466 4673 promiscuum
1492 4584 1582 4671 patri·

264 4682 323 4742 bus
345 4700 382 4741 ac
402 4681 488 4760 plebi
508 4680 631 4745 lacere.
652 4682 848 4762 prolatandis
871 4683 968 4768 igitur
990 4682 1126 4747 coinitiis
1146 4705 1216 4748 curm
1240 4686 1382 4750 dictator
1404 4683 1579 4769 magistrun

261 4772 394 4844 abisset,
419 4795 470 4836 res
494 4778 532 4837 ad
551 4776 764 4857 interregnum
786 4776 897 4838 rediit.
921 4776 1065 4838 infestam
1089 4776 1161 4840 inde
1181 4779 1324 4858 patribus
1339 4780 1463 4861 plebem
1488 4777 1579 4838 inter-

261 4889 355 4953 reges
378 4888 448 4931 cum
473 4869 686 4949 accepissent,
711 4870 751 4933 ad
770 4869 969 4933 undecimum
991 4869 1183 4955 interregem
1204 4871 1411 4937 seditionibus
1430 4880 1574 4935 certum
