3214 5586
3 10 38 193 Ι,

3 360 8 535 t

212 446 220 451 .
655 352 808 425 tubex
832 358 1014 425 Lttttunt.
1372 368 1378 389 '
1438 362 1500 429 ttt

279 496 430 580 „Consul
452 498 525 579 (M.
548 456 717 579 Aemilius
731 500 901 582 Scaurus)
923 501 1025 586 legem
1048 500 1091 566 de
1110 502 1304 586 sumptibus
1326 514 1357 569 et
1377 505 1499 571 libenti·

211 613 326 656 uocum
350 591 510 676 setllragiis
533 591 638 655 tulit.''

101 687 107 696 ’
168 670 280 772 Atque
308 684 477 749 videndum
506 708 544 750 ue
573 708 684 768 partem
714 686 821 750 valeat
849 699 961 751 contra
989 687 1086 753 Plinii
1112 691 1331 755 erectoritatem
1360 694 1495 758 Macro·

167 781 259 853 bius,
290 774 360 842 ctam
380 802 398 843 e
417 780 525 851 Gellio
548 781 672 864 qtnidem
696 802 800 865 neque
825 783 863 844 tle
888 793 1035 865 tempore
1061 804 1162 868 ueqtte
1194 787 1233 849 de
1259 800 1391 851 auctore
1415 789 1495 865 legit

169 874 342 963 quidquam
364 873 577 956 probabiliter
596 874 707 959 colligi
729 875 848 957 possit:
873 876 932 940 nisi
951 877 1038 942 forts
1061 879 1160 942 ruanis
1180 900 1250 943 cum
1268 881 1392 946 Baebio
1406 883 1496 948 duos

166 966 336 1036 Aemilios
357 968 447 1055 leges
468 970 706 1053 sumptuosior
727 979 881 1033 statuere.

337 1129 453 1195 Aures
474 1128 707 1212 sumptuaria.

253 1254 350 1335 „Lex
371 1251 484 1316 deiude
504 1252 614 1317 Antio
633 1262 764 1333 praeter
785 1264 943 1335 sumptum
965 1252 1048 1317 aeris
1067 1250 1100 1318 id
1120 1255 1213 1318 etiam
1236 1256 1360 1334 sanxit,
1384 1257 1493 1344 utqui

165 1347 371 1435 magistratus
391 1358 476 1410 esset
498 1346 756 1428 magistratumve
778 1358 931 1427 capturus
955 1359 1058 1424 esset,
1083 1371 1121 1412 us
1137 1372 1203 1436 qrto
1220 1353 1259 1415 atl
1277 1374 1409 1417 coccam
1432 1352 1493 1419 nisi

163 1445 203 1509 acl
224 1453 329 1506 certas
352 1458 507 1524 personas
527 1439 658 1505 iteret.'‘
701 1443 742 1506 Α.
766 1442 889 1505 Gellius
912 1441 957 1506 tt.
981 1444 1041 1516 tt,
1066 1445 1118 1508 13.

249 1537 357 1621 „Dein
379 1535 487 1618 paucis
506 1533 680 1598 interiectis
700 1534 787 1598 annis
809 1535 868 1598 alia
891 1535 944 1600 lex
968 1539 1116 1619 pervenit
1140 1542 1179 1621 apl
1199 1541 1352 1623 populum
1371 1543 1493 1609 lerente

92 1664 96 1679 .
161 1633 271 1701 Antio
291 1631 469 1698 Restione:
492 1649 585 1711 quam
610 1628 733 1711 legem,
759 1629 902 1713 qttamvis
922 1644 1004 1694 esset
1027 1635 1166 1715 optima,
1191 1635 1364 1701 obstinatio
1388 1649 1491 1701 taetren

161 1726 306 1791 lnxrtriae
320 1736 353 1790 et
368 1723 519 1788 uitiorum
536 1722 626 1785 firma
642 1722 817 1786 concordia
836 1725 924 1789 nullo
941 1728 1118 1811 abrogante
1136 1729 1257 1792 irritam
1273 1724 1362 1793 iecit.
1407 1732 1493 1795 Illud

161 1835 266 1886 tamen
296 1818 500 1883 memorabile
525 1820 564 1881 de
591 1815 748 1881 Restione
773 1817 877 1883 latore
902 1819 1000 1901 ipsius
1025 1820 1107 1906 legis
1132 1823 1254 1885 fertur:
1290 1844 1361 1887 eum
1384 1827 1492 1909 quoad

160 1916 244 1981 vixit
264 1914 347 1980 loris
369 1925 485 1997 postea
511 1934 574 1976 non
597 1924 769 1987 coenasse,
794 1933 832 1976 ne
852 1914 940 1977 testis
963 1916 1055 1978 lieret
1073 1922 1274 1999 contemptbe
1295 1917 1377 2003 legis
1396 1941 1489 2004 queam

161 2011 229 2096 ipse
250 2011 340 2074 bono
365 2008 496 2092 publico
517 2008 712 2091 pertulisset.
736 2041 777 2054 -
799 2006 861 2069 His
884 2007 1010 2097 legibus
1030 2031 1269 2075 aunurnerarcm
1292 2013 1427 2075 edictum
1450 2016 1489 2078 de

158 2104 340 2189 sumptibus
353 2107 393 2167 ab
409 2102 553 2168 Antonio
570 2099 791 2184 propositum,
817 2100 871 2185 qui
887 2114 999 2183 postea
1014 2103 1161 2168 triumuir
1179 2104 1256 2171 luite
1278 2105 1311 2170 ni
1326 2107 1489 2191 indignum

160 2202 325 2263 crederem
355 2198 439 2261 inter
464 2196 650 2260 cohibentes
675 2205 833 2276 sumptum
860 2195 1006 2260 Antonio
1030 2196 1136 2262 locum
1164 2199 1288 2276 lacere,
1319 2202 1408 2265 cuius
1434 2224 1490 2266 ex·

35 2292 41 2305 “
159 2314 279 2379 pensae
300 2294 332 2355 in
352 2313 482 2355 coenam
504 2290 617 2355 solitae
638 2287 783 2355 conferri
804 2289 873 2352 sola
896 2290 1022 2354 unionis
1045 2312 1062 2352 a
1090 2290 1264 2376 Cleopatra
1286 2316 1389 2359 ttxore
1412 2317 1490 2360 con·

157 2387 279 2472 sumpti
300 2385 516 2450 aestimatione
537 2394 705 2467 superatae
726 2380 834 2445 sunt.”
878 2384 1031 2449 Macrob.
1053 2388 1182 2449 Saturn.
1205 2387 1253 2450 11.
1278 2388 1330 2452 13.
1353 2410 1388 2472 ρ.
1411 2391 1486 2456 369.

329 2546 429 2612 Iunia
450 2542 679 2627 sumptuaria.

244 2671 440 2753 „Postremo
464 2668 517 2730 lex
538 2667 632 2733 Iutta
652 2667 692 2728 ati
717 2665 869 2748 populum
889 2664 1036 2748 pervenit
1059 2665 1198 2734 Caesare
1219 2670 1368 2753 Augusto
1388 2670 1488 2755 impe-

160 2775 271 2831 rante:
296 2785 358 2848 qun
381 2761 533 2845 profestis
553 2761 678 2845 quidem
697 2759 808 2823 diebus
827 2761 954 2824 ducenti
975 2760 1142 2839 finitentutu
1166 2764 1336 2839 Kalendis,
1362 2765 1485 2842 idibus,

162 2858 268 2923 Nouis
288 2871 319 2921 et
340 2858 408 2921 aliis
427 2857 612 2939 qttibusdam
633 2853 757 2918 lestinis
775 2854 928 2930 trecenti,
952 2855 1070 2937 nuptiis
1089 2870 1191 2921 autem
1209 2871 1240 2922 et
1258 2858 1393 2939 repotiis
1412 2859 1487 2925 Hs.

164 2953 262 3017 mille.
278 2987 317 3001 -
338 2954 422 3016 Esse
447 2951 540 3015 etiarn
562 2949 638 3013 dicit
661 2946 784 3029 Capito
808 2949 936 3013 Atteius
957 2951 1110 3026 edictum,
1133 2952 1265 3021 Diviue.
1279 2953 1487 3037 Augustino

164 3046 286 3112 Tiberii
307 3045 472 3123 Caesaris,
488 3059 557 3108 'non
586 3043 663 3106 satis
685 3040 902 3106 commemini:
939 3065 1005 3128 quo
1029 3047 1133 3111 edicto
1153 3069 1211 3130 per
1236 3049 1357 3112 dierum
1383 3048 1487 3113 uarias

157 3139 385 3206 sollemnitates
405 3162 423 3203 a
442 3139 593 3202 trecentis
616 3139 689 3204 Ηθ.
713 3140 855 3221 adusque
876 3138 940 3201 duo
957 3139 1038 3202 milia
1056 3154 1201 3224 sumptus
1215 3164 1385 3206 coenarum
1409 3164 1487 3223 pro-

155 3246 293 3320 pagatus
317 3248 381 3310 est,
405 3247 440 3298 ut
462 3234 510 3297 bis
531 3233 641 3297 saltem
662 3231 779 3295 linibus
800 3232 944 3297 luxuriae
967 3235 1205 3300 effervescentis
1229 3249 1333 3301 aestus
1355 3242 1488 3301 coeree-

75 3376 87 3389 .
153 3328 282 3393 retur.’'
326 3332 372 3393 A.
396 3327 521 3393 Gellius
541 3328 589 3391 lt.
614 3326 672 3401 tt,
698 3326 848 3391 14-15.
896 3325 997 3392 Cous.
1022 3330 1155 3395 Sueton.
1180 3332 1299 3396 Oetae.
1323 3353 1352 3397 c.
1375 3332 1429 3395 tt.
1454 3342 1487 3396 et

158 3424 278 3488 {outae
300 3425 339 3488 C.
362 3423 522 3489 Caesaris
544 3444 579 3504 p.
604 3421 664 3485 192
686 3441 739 3505 sq.

239 3516 292 3581 De
312 3516 435 3602 legibus
455 3514 659 3598 sumptuariis
680 3514 806 3578 videndi
825 3536 907 3598 qtros
929 3516 1105 3581 nominavit
1125 3519 1188 3583 Fr.
1213 3517 1394 3586 Creuzer
1414 3521 1485 3585 Ab·

153 3613 216 3677 riss
240 3615 298 3676 der
320 3612 418 3678 Rom.
442 3610 665 3694 Antiquitiiten
686 3631 720 3692 p.
743 3609 817 3673 113.
841 3622 872 3672 et
893 3632 928 3692 p.
953 3612 1026 3673 427.

695 3771 950 3834 Teutomeres.

243 3897 349 3980 „Quis
364 3908 465 3961 autem
484 3916 551 3961 non
567 3893 662 3960 sentit
677 3913 802 3959 omnem
819 3893 1041 3955 auctoritatem
1058 3891 1254 3975 optimatium
1270 3895 1486 3960 tabellarium

155 3992 260 4076 legem
273 3990 466 4055 abstulisse?
487 4012 581 4075 quam
597 3989 736 4072 populus
753 3986 834 4049 liber
849 4007 1010 4069 nunquam
1026 3986 1237 4065 desideravit,
1251 3988 1333 4051 idem
1348 4010 1485 4070 oppres-

155 4107 210 4151 sus
233 4087 395 4152 dontinatu
417 4104 454 4148 ac
475 4085 616 4168 potentis
638 4081 815 4166 principum
842 4079 1009 4165 flagitavit.
1054 4079 1167 4167 ltaque
1189 4081 1341 4165 graviora
1368 4082 1484 4146 iudicia

154 4185 194 4247 de
219 4180 448 4264 potentissimis
474 4177 654 4242 bominibus
680 4186 807 4240 exstant
835 4172 924 4238 vocis
950 4193 1044 4257 qtram
1069 4176 1221 4239 tabellae.
1265 4175 1482 4256 Quamobrem

152 4274 349 4359 suffragandi
374 4272 467 4338 nimia
489 4273 588 4336 libido
610 4271 642 4334 in
669 4292 734 4334 nun
756 4265 850 4332 bonis
876 4267 977 4331 causis
1006 4266 1168 4348 eripienda
1194 4268 1254 4332 luit
1282 4270 1480 4352 potentibus,

93 4377 98 4381 ’
152 4391 218 4435 uon
233 4369 357 4434 latebra
376 4369 476 4431 moda
497 4364 639 4449 populo,
664 4363 696 4427 in
718 4384 780 4446 qua
800 4361 891 4427 bonis
907 4361 1142 4446 ignorantibus,
1160 4363 1237 4447 qrrid
1253 4362 1387 4448 quisque
1410 4385 1482 4424 sen·
1536 4410 1539 4417 .

151 4465 244 4540 tinet,
277 4463 394 4527 tabella
416 4461 565 4527 uitiosum
589 4459 765 4524 occultaret
786 4455 986 4541 suffragium.
1029 4457 1142 4542 ltaque
1164 4456 1215 4519 isti
1237 4457 1354 4521 rationi
1377 4478 1480 4539 neque

152 4560 239 4625 lator
267 4556 434 4645 quisquam
464 4567 514 4619 est
542 4556 689 4618 iuuentus
721 4572 780 4616 nce
811 4561 922 4615 auctor
954 4572 1089 4636 unquam
1122 4553 1239 4614 bonus.
1289 4553 1370 4615 Sunt
1396 4551 1479 4613 enim

151 4664 308 4741 quattuor
330 4653 418 4737 leges
439 4649 644 4716 tabellariaea
675 4666 807 4733 netarum
833 4644 936 4728 prima
958 4647 997 4707 de
1019 4643 1254 4729 magistratibus
1277 4645 1476 4718 mandandis3

151 4769 190 4813 ea
210 4758 260 4813 est
280 4744 446 4822 Gabinio,
469 4736 531 4808 lata
549 4748 589 4808 ab
608 4743 735 4806 homine
756 4740 873 4825 ignoto
890 4751 922 4803 et
939 4738 1082 4804 sordido.
1128 4739 1242 4803 Secuta
1259 4739 1386 4803 biennio
1403 4747 1478 4819 post

129 4842 276 4909 Cossio
300 4850 366 4916 est,
400 4840 438 4903 de
459 4837 573 4923 populi
597 4834 732 4914 iudicio,
767 4855 785 4898 a
813 4831 914 4899 nobili
937 4832 1064 4898 bomine
1090 4833 1152 4897 lata
1176 4836 1218 4899 L.
1247 4835 1387 4909 Cossio,
1420 4831 1476 4895 sed
