3328 5576
290 298 330 362 is
648 383 652 390 Ι
874 298 1027 367 sunnx

289 440 456 518 liniuntur,
473 461 557 525 quse
574 451 692 504 vocent
710 439 756 505 illi
777 440 968 527 νοσήματα,
997 460 1117 525 eaque,
1134 462 1217 528 quae
1238 458 1311 510 sunt
1332 445 1377 511 cis
1401 450 1522 515 morbis
1539 472 1626 518 con-

288 535 405 615 traria,
432 556 514 621 qnae
538 536 656 598 habent
670 537 710 600 ad
731 557 783 600 res
806 548 909 600 certas
923 531 1071 597 vitiosam
1088 535 1301 604 offensionem
1318 552 1412 627 atque
1430 543 1622 611 fastidium:

289 633 402 696 deinde
430 628 707 715 aegrotationes,
747 651 827 714 qinae
857 627 1060 712 appellantur
1080 650 1099 691 a
1121 631 1238 696 Stoicis
1259 637 1526 723 ἀρ’ῥῳστῆματα,
1555 639 1629 704 his-

289 748 351 813 que
375 726 448 789 item
471 725 641 808 oppositae
659 726 840 790 contrariae
864 721 1102 789 offensiones.’'
1145 726 1245 791 Tusc.
1271 730 1336 795 IV.
1368 735 1427 809 10,
1452 735 1506 799 23.

371 825 586 907 Ἀρχέτυπου.
630 818 758 897 „Mihi,
787 820 845 884 etsi
867 821 1032 887 Kalendae
1056 816 1201 885 vitandae
1217 822 1366 903 luerunt,
1396 828 1628 895 Nicasionum-

288 937 351 1002 que
376 918 545 1003 ἀρχέτυπα
570 916 723 1001 fugienda
745 914 1025 1003 conficiendseque
1045 915 1194 995 tabulae,
1219 918 1309 981 nihil
1330 931 1435 984 tamen
1457 923 1555 1000 tanti,
1586 930 1627 989 ut

287 1032 305 1075 a
332 1021 365 1073 te
388 1011 550 1086 abessem,
577 1008 681 1073 suit.''
729 1013 769 1073 ad
792 1013 862 1076 Att.
887 1012 973 1076 XII.
998 1015 1035 1091 5,
1067 1015 1099 1077 lt.
1123 1045 1165 1056 -
1216 1014 1326 1096 ,Idem
1349 1016 1524 1101 σύνταγμα
1547 1019 1627 1097 misi

288 1107 328 1169 ad
349 1116 381 1168 te
399 1101 620 1179 retractamus,
645 1113 677 1167 et
701 1104 826 1189 quidem
852 1107 1037 1193 ἀρχέτυπον
1057 1105 1161 1191 ipsum
1182 1107 1306 1173 crebris
1327 1109 1407 1181 locis
1424 1111 1624 1177 inculcatum

288 1213 320 1265 et
341 1197 544 1265 resectum.'’
587 1199 625 1261 ad
645 1198 718 1263 Att.
737 1199 839 1264 XVI.
859 1199 894 1276 3,
919 1205 951 1264 1.
972 1237 1014 1249 -
1058 1203 1119 1266 Est
1141 1203 1274 1286 proprie
1292 1207 1474 1288 exemplar
1490 1206 1625 1290 primi·

287 1295 443 1381 genium.
492 1294 585 1357 Hunc
601 1313 728 1356 sensum
747 1294 843 1357 babet
864 1294 909 1357 L.
931 1294 1032 1360 XVI.
1048 1318 1102 1380 ep.
1123 1296 1156 1360 3.
1173 1317 1245 1359 nam
1262 1296 1307 1360 ibi
1333 1297 1429 1377 dicit,
1454 1321 1489 1363 se
1506 1300 1626 1364 remit-

287 1400 356 1454 tere
386 1387 557 1472 σύνταγμα
581 1397 805 1465 retractatum,
834 1409 897 1453 non
927 1391 1131 1478 ἀπόχραφου
1161 1393 1202 1454 sb
1230 1391 1380 1475 exemplo
1403 1392 1532 1475 primo,
1563 1396 1626 1459 sed

287 1485 391 1567 ipsum
416 1487 619 1568 ἀρχέτυπον,
643 1483 766 1546 crebris
788 1483 867 1549 locis
891 1483 1079 1547 inculcatum
1102 1496 1134 1548 et
1152 1484 1320 1549 relectum.
1372 1487 1435 1550 Sed
1457 1489 1503 1551 L.
1529 1488 1623 1553 XII.

288 1581 322 1644 5.
351 1581 520 1664 ἀρχέτυπα
546 1576 795 1652 Nicasionem,
830 1576 918 1654 sive,
951 1590 986 1641 ut
1013 1578 1043 1643 Ι.
1073 1579 1114 1642 F.
1143 1578 1314 1643 Gronovio
1337 1591 1425 1644 recte
1450 1582 1622 1663 placebat,

287 1672 561 1748 υεοεικοστῶνων,
588 1683 661 1734 sunt
680 1672 817 1738 tabidae
835 1692 975 1748 eornm,
1004 1672 1065 1757 qni
1077 1694 1197 1737 recena
1216 1672 1391 1757 mancipes
1407 1672 1621 1765 snntfncti,

288 1769 357 1834 sive
379 1767 598 1832 redemerunt
620 1765 815 1842 vicesimas,
848 1765 964 1829 similes
981 1766 1051 1842 his,
1077 1788 1155 1851 quas
1179 1766 1283 1849 quivis
1301 1780 1394 1851 pater
1413 1768 1554 1834 seruilius
1576 1771 1624 1833 di·

287 1863 392 1949 ligens
416 1859 619 1927 conficiebat.
642 1863 728 1926 Enn.
773 1862 898 1943 Nempe
925 1859 1101 1924 Lambinus
1126 1873 1158 1924 et
1183 1861 1309 1945 Popma
1331 1862 1543 1928 Nicasiones
1570 1887 1622 1929 ar·

289 1956 453 2047 gentarios
475 1968 506 2020 et
533 1957 734 2020 feneratores
758 1976 829 2019 esse
852 1964 1020 2036 putarunt,
1045 1956 1134 2040 qumd
1155 1976 1232 2019 sane
1256 1967 1305 2019 eat
1322 1955 1393 2019 veri
1405 1955 1528 2025 simile.
1579 1961 1623 2024 Et

288 2054 413 2134 Popms
443 2050 568 2135 quidem
599 2048 721 2113 monuit
748 2047 894 2115 Nieosio
926 2068 995 2111 esse
1027 2068 1142 2112 nomen
1177 2048 1361 2131 proprium,
1401 2055 1490 2135 quod
1523 2055 1621 2118 etism

288 2148 372 2229 apud
395 2143 585 2210 Ciceronem
608 2147 711 2208 Verr.
731 2145 796 2209 IV.
813 2153 977 2208 occurrat.
1022 2142 1122 2206 Bosio
1145 2142 1291 2225 placebat
1306 2143 1618 2225 Neosicnsionnm,

288 2252 324 2304 ut
345 2239 386 2303 sit
407 2237 515 2301 lictum
536 2260 650 2302 nomen
675 2260 715 2302 ex
737 2251 807 2315 νέος
830 2249 861 2301 et
879 2236 1031 2316 εἰκάζειν,
1063 2236 1154 2321 quasi
1175 2237 1322 2300 dieantur
1339 2238 1415 2302 novi
1438 2239 1620 2320 priscarum

287 2335 466 2399 tabularum
493 2331 685 2397 refectores.
738 2331 801 2398 cui
825 2331 952 2416 quidem
974 2331 1090 2395 rationi
1115 2332 1245 2395 multum
1275 2332 1484 2415 praeferenda
1514 2320 1567 2400 eit
1591 2337 1619 2401 I.

287 2430 330 2494 F.
350 2425 513 2492 Gronovii
538 2426 713 2502 sententia,
747 2426 803 2512 quii
830 2426 925 2491 adh.
951 2427 976 2490 l.
1015 2428 1145 2510 „Lege,
1181 2425 1308 2509 inquit,
1341 2430 1619 2499 Neoeexoorm'soe

287 2525 466 2610 ἀρχέτυπα.
490 2521 553 2584 hoc
567 2542 681 2585 sensu:
711 2519 783 2584 Etsi
809 2520 870 2584 tuit
890 2520 993 2597 ratio,
1017 2543 1075 2589 cur
1090 2520 1241 2585 Kalendis
1257 2521 1380 2585 Romae
1403 2543 1468 2586 non
1491 2547 1617 2601 essem,

287 2618 433 2680 nimirum
454 2636 494 2679 ne
520 2615 603 2678 Inter
626 2615 747 2698 primos
770 2636 871 2678 essem
894 2616 924 2679 in
949 2615 1066 2679 tabulis
1090 2636 1248 2680 novorum
1273 2614 1542 2698 publicanorum,
1568 2619 1615 2704 qni

291 2710 470 2775 vicesimam
494 2710 639 2793 exigunt.
684 2708 889 2791 Εἰκοστώυης
904 2723 952 2774 est
968 2721 1095 2793 emptor
1118 2708 1170 2772 vel
1190 2728 1337 2792 manceps
1353 2709 1548 2789 vicesimae,
1569 2713 1617 2800 qni

289 2805 469 2868 vicesimam
503 2801 674 2878 conduxit,
699 2803 928 2868 vicesimerius.
948 2805 1028 2868 Vid.
1052 2803 1145 2886 Lips.
1168 2824 1297 2867 excuss.
1318 2805 1358 2866 ad
1381 2805 1485 2870 XIII.
1514 2810 1617 2875 annal.

290 2898 413 2974 Taciti,
433 2896 487 2959 ubi
506 2917 548 2960 ex
571 2895 714 2960 Arriano
737 2897 881 2980 glossae,
904 2919 969 2963 non
990 2919 1031 2961 ex
1052 2897 1101 2961 his
1124 2897 1178 2961 ille
1201 2895 1426 2981 corrigendus.
1449 2902 1619 2970 Εἰκοστῶ.

289 3021 343 3075 mn
366 2995 385 3059 ὁ
407 2992 464 3069 τὰς
488 2990 637 3067 εἰκοστὰς
652 2993 820 3068 ἀπαιτῶν,
844 2990 1125 3063 vicesimnrine.''
1155 2991 1318 3054 Hactenus
1334 2991 1401 3055 ille.
1436 2994 1514 3080 Ego
1537 3018 1617 3060 vcro

288 3111 359 3153 cum
375 3085 561 3170 Mongaltio
581 3085 612 3148 in
630 3084 776 3149 versione
798 3087 909 3149 barium
932 3084 1138 3167 epistolarum
1159 3083 1282 3177 qsllica
1305 3085 1455 3150 Lambini
1471 3099 1504 3151 et
1523 3090 1615 3171 Pop·

289 3204 359 3249 mae
382 3179 566 3244 sententiam
590 3201 709 3264 sequor
735 3189 901 3266 totumque
929 3179 1033 3244 locum
1066 3181 1113 3243 sic
1140 3178 1357 3260 interpretor:
1393 3182 1467 3246 mibi
1495 3185 1541 3247 ob
1567 3205 1620 3247 aes

288 3277 425 3341 alienum
448 3277 587 3349 nondum
610 3273 795 3354 expeditum
816 3275 981 3338 Kalendae
1008 3273 1157 3338 vitandae
1177 3271 1307 3337 luerunt
1326 3272 1455 3353 (tristes
1471 3278 1549 3341 scil.
1570 3281 1623 3342 de-

287 3371 468 3449 bitoribus)
497 3379 530 3431 et
552 3367 754 3433 Nicasionem
776 3371 946 3452 ἀρχέτυπα
970 3367 1120 3453 fugienda
1147 3367 1189 3445 (i.
1215 3388 1245 3430 e.
1270 3367 1415 3442 tabulae,
1446 3368 1478 3432 in
1506 3372 1622 3457 quibus
1650 3342 1651 3381 i

286 3464 488 3529 feneratores
510 3462 689 3527 debitorum
713 3463 837 3527 nomina
858 3461 1109 3547 consignabant)
1132 3461 1413 3547 conficiendaeque
1432 3464 1570 3530 tabulae
1590 3467 1622 3531 h.

288 3581 319 3623 e.
346 3556 480 3641 pecunia
504 3556 561 3619 alia
585 3568 694 3620 mutuo
717 3558 885 3632 sumenda,
908 3568 942 3621 ut
960 3577 1094 3620 versura
1117 3557 1245 3620 solvere
1263 3556 1396 3638 possim.
1425 3557 1460 3621 S.

369 3650 500 3739 Ἀρχή,
531 3651 679 3718 initium.
734 3654 931 3734 ,Aooovpto
963 3662 1016 3714 tua
1045 3648 1121 3713 mihi
1144 3649 1235 3714 valde
1260 3648 1404 3714 molesta.
1461 3651 1614 3726 Medere,
1646 3626 1648 3719 i

289 3745 1123 3835 mmmmmmsfflm’nnuxnue
1646 3724 1647 3793 l

370 3843 633 3929 Ἀσαφέστερος,
655 3841 855 3917 obscurior,
885 3838 918 3902 in
937 3838 1121 3905 scribendo.
1165 3836 1251 3921 „Fui
1271 3837 1411 3904 sortasse
1430 3842 1623 3927 ἀσαφέστε-

289 3937 380 4024 ρος.”
412 3937 465 3998 ·ad
483 3937 556 4000 Aut.
578 3934 678 4001 XIII.
707 3935 764 4012 95,
788 3935 819 4002 2.

372 4030 547 4113 Ἀσελγής,
566 4029 734 4104 lascivus,
756 4027 937 4093 delicatus.
980 4026 1159 4110 „Quamam
1181 4047 1283 4109 porro
1306 4026 1382 4091 mihi
1402 4030 1627 4114 exspectatio·¹

288 4144 360 4187 nem
383 4121 495 4186 dedisti
513 4121 657 4187 convivii
677 4121 769 4185 istius
789 4119 987 4206 ἁστλγοῦς.”
1031 4122 1071 4185 ad
1090 4124 1160 4186 Au.
1180 4119 1230 4205 II.
1254 4120 1313 4194 12,
1343 4122 1376 4185 2.

371 4218 639 4300 Ἀσμενέστατα,
674 4215 911 4280 libentissime.
965 4217 1041 4289 ,Te
1071 4225 1174 4277 etitem
1208 4216 1438 4300 domitoremne
1472 4216 1624 4296 intexui,

288 4307 466 4393 faciamque
485 4309 516 4371 id
538 4308 726 4373 crebrius.'’
769 4310 809 4370 ad
831 4309 902 4371 Att.
926 4309 1029 4374 XIII.
1050 4308 1108 4384 22,
1133 4310 1165 4370 1.

374 4406 609 4489 Ἀσμιυιστος,
640 4401 879 4488 gratissimus.
936 4400 1102 4476 „Confido
1136 4400 1236 4487 igitur
1266 4405 1439 4470 adventum
1474 4420 1598 4475 nostru

289 4497 357 4574 illi,
391 4518 524 4582 quoquo
554 4509 700 4580 tempore
730 4493 847 4574 tuerit,
871 4507 907 4559 ut
934 4496 1066 4575 scribis,
1095 4499 1294 4581 ἁσμέυιατου
1318 4497 1432 4564 Iore.’'
1485 4505 1532 4568 ad
1555 4503 1614 4567 Au

290 4590 779 4674 1X.2A,21u1x.10,9.
1617 4651 1623 4662 .

371 4685 579 4763 ”Armenion
613 4685 706 4771 quod
737 4682 883 4747 induatis
912 4681 1032 4747 dirimi
1066 4683 1205 4769 nepmit,
1248 4682 1479 4771 implacabile.
1542 4688 1605 4774 „si

1646 3540 1649 3617 l

291 4778 510 4863 (Pompeius)
529 4778 650 4844 Italiam
672 4776 837 4864 relinquit,
870 4779 911 4843 ad
933 4789 1098 4861 posterum
1117 4777 1235 4844 bellum
1256 4779 1426 4851 denomino
1448 4785 1538 4851 strui
1558 4782 1631 4875 esi-5

1628 4896 1636 4959 l
