3214 5586
611 384 762 482 lnnnx
784 416 966 483 secun.
1170 412 1186 439 ·
1402 412 1465 481 265

130 579 237 643 neqm
261 557 402 643 cogebat
423 559 653 642 tenebaturque
674 557 712 622 iis
738 558 879 644 legibus,
910 579 992 651 quae
1016 557 1151 642 propius
1172 561 1212 623 ad
1234 580 1304 623 eum
1323 559 1467 642 pcrtine-

132 655 222 719 bant.
266 654 350 715 'l'nm
377 652 432 716 lex
456 652 626 741 constituta
654 664 702 716 est
725 654 764 717 de
793 652 849 729 iis,
881 653 935 737 qui
960 651 1076 717 indicia
1102 665 1310 730 exercerent,
1340 674 1404 717 uon
1428 656 1467 719 de

131 760 261 812 senatu.
303 746 455 832 Denique
477 748 706 830 comprehensa
731 758 779 812 cst
801 748 873 834 lege
895 747 1063 823 iudicatio,
1087 768 1150 812 nou
1177 748 1349 813 damnatio.
1394 749 1468 813 Nec

128 843 239 917 euim,
256 839 311 904 rabi
331 844 368 904 de
384 843 488 925 capite
504 843 734 926 quaerebatur,
759 841 882 906 idcirco
903 841 1084 906 necessario
1104 842 1258 906 damnatis
1277 843 1339 907 vita
1356 855 1468 927 erepta

128 949 192 1015 est,
217 935 321 1018 patuit
341 936 433 1000 etiam
453 935 595 1001 exilium.
640 935 731 1016 Quae
756 958 826 999 cum
848 936 891 999 ita
918 936 997 1012 sint,
1024 936 1110 999 clare
1133 934 1344 1022 intelligitur,
1371 959 1467 1023 quam

125 1031 241 1096 inscite
257 1030 373 1095 mentio
389 1030 469 1114 legis
491 1031 521 1096 iu
538 1031 686 1095 oratione
702 1029 888 1096 Catilinaria
905 1030 1065 1121 lactarit.
1099 1031 1183 1094 Nam
1199 1035 1310 1096 autad
1328 1031 1467 1098 Cicero·

126 1149 199 1191 nem
222 1124 374 1208 pertinuit
395 1135 449 1188 aut
470 1126 510 1187 ad
532 1123 708 1201 nerninem,
731 1143 814 1211 ergo
835 1125 924 1189 nullo
948 1137 1044 1208 pacto
1072 1127 1110 1187 ad
1132 1124 1327 1211 Caesarem
1351 1126 1465 1194 deinde

126 1220 342 1285 consultatum
359 1230 408 1283 est
422 1218 455 1281 iu
470 1230 581 1282 senatu
597 1221 635 1282 de
646 1218 841 1295 coniuratis,
866 1240 930 1284 non
952 1231 1099 1283 coactum
1123 1218 1292 1298 iudicium,
1316 1231 1352 1284 ut
1370 1243 1467 1305 quae·

126 1326 269 1381 reretur.
327 1312 494 1391 Proiecto
518 1313 574 1377 lex
605 1313 772 1397 prohibuit
800 1312 975 1391 neminem,
1009 1335 1049 1378 ne
1081 1313 1112 1378 in
1142 1326 1257 1378 senatu
1289 1314 1467 1398 explicaret

127 1407 331 1475 sententiam.
374 1408 457 1471 Tum
486 1407 654 1471 commissa
676 1429 712 1471 re
735 1407 862 1490 publica
892 1407 1078 1474 consulibus
1101 1407 1132 1472 in
1159 1420 1283 1492 tempus
1309 1411 1469 1496 abrogata

128 1502 235 1591 vider-i
250 1514 378 1585 potesta
400 1512 567 1585 postremo
583 1501 666 1567 salso
685 1498 883 1585 explicatur,
901 1502 992 1587 qnasi
1007 1514 1177 1580 caveatur,
1202 1524 1242 1567 ne
1258 1502 1328 1588 quis
1343 1504 1468 1571 iniussu

129 1594 246 1682 populi
276 1607 380 1660 morte
414 1594 582 1661 afficiatur.
629 1596 725 1677 Quod
753 1596 892 1661 sortasse
923 1596 1044 1661 Porcia
1071 1600 1144 1677 lex,
1179 1618 1244 1661 non
1276 1596 1468 1681 Sempronia

131 1693 235 1756 vetuit
256 1691 336 1770 (vid.
361 1687 659 1773 cie.pr01tanir.
684 1692 716 1754 4.
761 1686 930 1757 Plutarch.
954 1690 1013 1755 vit.
1039 1690 1093 1756 Ti.
1115 1693 1256 1757 Gracchi
1278 1714 1310 1757 c.
1334 1694 1387 1758 20.
1422 1691 1466 1762 C.

131 1788 275 1852 Gracch.
303 1805 375 1870 cap.
403 1786 434 1851 4.
464 1795 548 1850 orat.
573 1804 637 1867 pro
663 1784 761 1849 domo
783 1785 842 1863 34,
870 1786 924 1849 82.
946 1784 981 1849 in
1007 1786 1109 1851 Verr.
1132 1786 1171 1865 5,
1197 1786 1250 1854 63.
1280 1787 1367 1857 Vell.
1390 1789 1467 1855 Pat.

131 1883 170 1956 2,
196 1883 256 1960 7.).

216 1977 328 2061 Atque
352 1976 431 2039 haec
458 1974 534 2039 mihi
555 1973 728 2040 veniebant
748 1974 781 2040 in
804 1987 959 2053 mentem,
995 1999 1076 2063 qnae
1103 1976 1234 2049 dicenda
1258 1987 1405 2061 putarem
1428 1980 1467 2043 de

129 2070 203 2155 lege
227 2070 435 2152 Sempronia,
460 2071 498 2135 de
521 2092 582 2153 qna
606 2071 738 2157 longum
763 2082 829 2146 est,
854 2084 912 2136 eos
934 2071 1146 2150 convincere,
1170 2073 1225 2158 qui
1249 2071 1368 2136 inducti
1393 2092 1468 2138 ora·

126 2164 218 2228 tione
252 2162 438 2229 Catilinaria
475 2187 587 2249 parurn
622 2176 710 2229 recte
738 2162 913 2229 senserint.
976 2166 1134 2231 Veterum
1166 2168 1258 2232 locos
1289 2167 1467 2232 accuratius

126 2258 340 2324 excutiendos
362 2246 515 2345 'cuiusque
541 2257 707 2323 committo
735 2259 909 2322 industriae
939 2259 1016 2324 satis
1043 2261 1163 2325 habens
1186 2282 1288 2344 pauca
1311 2261 1468 2327 addidisse

128 2357 168 2417 de
191 2352 434 2435 interpretibus.
480 2354 530 2417 Ac
546 2350 697 2438 Sigonius
720 2352 857 2435 primum
879 2354 932 2435 (de
954 2353 1053 2439 antiq.
1077 2354 1140 2420 iur.
1162 2357 1207 2421 R.
1231 2376 1265 2438 p.
1287 2356 1341 2419 80.
1366 2357 1468 2423 Thes.
1599 2414 1604 2429 ,

131 2449 273 2527 Graev.)
307 2449 344 2511 de
373 2448 447 2532 lege
475 2468 537 2511 una
570 2448 646 2509 diras
676 2446 765 2531 leges
791 2446 887 2524 lecit,
922 2446 1035 2510 deinde
1066 2448 1171 2535 legem
1197 2448 1349 2514 Porciam
1378 2470 1395 2512 a
1422 2449 1467 2518 C.

131 2543 284 2607 Graccho
301 2542 430 2606 relatam
446 2539 618 2605 coniiciens
634 2561 674 2603 ex
691 2541 894 2605 similitudine
911 2543 1103 2617 verborum,
1129 2562 1209 2629 qnae
1224 2545 1310 2625 apud
1329 2542 1468 2608 Gellium

131 2646 205 2701 sunt
223 2657 369 2721 quaeque
385 2639 424 2700 ad
439 2635 542 2721 legem
561 2644 717 2699 vestutate
733 2635 987 2729 obsolescuntem
1008 2637 1225 2699 renovandam
1243 2636 1368 2700 rettulit
1390 2640 1467 2721 (qua

134 2731 164 2794 in
187 2730 371 2796 coniectura
398 2730 537 2795 fortasse
559 2752 629 2794 cnm
656 2728 858 2795 confirmavit
884 2728 1054 2796 Ciceronis
1083 2730 1236 2794 sententia
1260 2730 1349 2814 leges
1376 2732 1468 2794 Sem·

137 2826 264 2908 pronias
290 2824 525 2905 memorantis),
558 2845 622 2890 nun
656 2824 749 2901 vidit,
786 2826 886 2888 verba
911 2826 1075 2907 pertinere
1102 2827 1141 2887 ad
1171 2824 1372 2901 suasionem,
1404 2847 1468 2910 qua

140 2919 287 3001 populum
305 2920 472 2984 Gracchus
495 2922 534 2983 ad
549 2918 708 2983 civitatem
730 2921 863 2982 dandam
884 2917 982 2984 sociis
1003 2920 1191 2983 cohortatus
1214 2919 1268 2984 sit.
1314 2919 1411 3000 Quod
1432 2941 1468 2985 re

138 3011 204 3096 ipsa
226 3012 427 3097 intelligitur.
473 3015 554 3078 Nam
583 3014 635 3078 lex
662 3013 800 3089 Porcia,
833 3026 988 3100 quatenus
1011 3011 1106 3078 hodie
1126 3012 1261 3077 iudicari
1280 3024 1407 3098 potest,
1436 3013 1467 3078 vi

136 3117 229 3192 atque
250 3119 363 3171 natnra
383 3129 439 3172 sua
462 3118 495 3172 et
513 3130 628 3186 caiisa,
653 3111 691 3171 de
716 3131 776 3194 qna
797 3108 967 3172 constituta
988 3120 1053 3184 est,
1076 3110 1256 3193 rebusque,
1281 3130 1359 3193 quas
1380 3108 1469 3172 inbe-

132 3203 186 3265 bat
211 3214 266 3265 ant
290 3205 437 3279 vetabat,
462 3224 579 3287 magno
601 3202 774 3268 intervallo
798 3202 968 3267 dissidebat
991 3223 1008 3266 a
1031 3203 1103 3288 lege
1125 3201 1336 3286 Sempronia,
1361 3224 1468 3287 eoque

130 3295 183 3358 illa
210 3295 312 3359 minuis
335 3297 462 3360 videtur
485 3319 502 3361 a
525 3295 566 3363 C.
588 3297 740 3362 Graccho
760 3297 882 3372 relata,
907 3299 995 3382 quod
1020 3295 1072 3360 hic
1095 3309 1208 3362 contra
1233 3298 1276 3361 P.
1303 3296 1467 3380 Popilium

131 3390 235 3454 solum
257 3389 360 3475 legem
383 3390 469 3455 tulit.
514 3390 563 3455 Ita
587 3393 659 3476 lege
683 3391 871 3475 Sempronia
894 3392 973 3454 nihil
995 3395 1034 3457 de
1056 3390 1312 3474 provocatione,
1337 3393 1377 3455 de
1394 3413 1468 3456 ver·

131 3482 286 3561 beribus,
319 3486 358 3549 de
387 3506 466 3548 nece
494 3484 735 3563 continebatur,
772 3488 810 3548 de
841 3485 957 3569 quibus
985 3485 1017 3548 in
1042 3485 1115 3570 lege
1142 3486 1261 3549 Porcia
1289 3487 1466 3569 agebatur,

133 3599 193 3641 nec
215 3578 323 3661 potuit
345 3579 520 3657 contineri,
545 3600 626 3663 quae
648 3590 716 3642 tota
738 3580 778 3641 ad
799 3575 913 3643 iudicia
936 3581 1129 3662 pertinebat.
1174 3579 1283 3664 Atque
1305 3582 1386 3643 adeo
1412 3577 1469 3645 illa

132 3673 197 3737 lata
213 3684 260 3736 est
276 3674 314 3737 de
330 3672 584 3759 magistratibus,
609 3674 687 3737 haec
706 3674 737 3736 in
756 3673 944 3737 beneficium
962 3673 1181 3755 privatorum
1205 3672 1256 3736 illa
1273 3683 1466 3756 potestatem

135 3765 377 3852 magistratuum
403 3766 531 3844 minuit,
555 3769 635 3831 haec
659 3765 859 3850 privatorum
888 3766 1068 3831 libertatem
1094 3766 1196 3831 anxit.
1241 3769 1357 3852 Neque
1385 3786 1466 3850 opus

135 3872 185 3925 est
213 3862 367 3945 exemplis
395 3863 460 3926 hoc
485 3862 593 3927 lacere
616 3861 765 3948 longius,
800 3861 875 3945 quia
904 3861 980 3925 satis
1007 3861 1164 3924 subtiliter
1192 3861 1276 3926 inter
1300 3874 1467 3947 utramque

135 3955 240 4042 legem
270 3955 475 4044 distinguitur
503 3977 523 4019 a
552 3955 725 4022 Cicerone.
785 3956 893 4037 Quare
926 3977 989 4019 non
1024 3955 1149 4019 videtur
1179 3953 1331 4041 Sigonius
1359 3977 1466 4021 veram

86 4086 91 4095 ·
136 4049 256 4117 dixisse
277 4052 464 4118 sententiam
487 4054 588 4136 (conl.
614 4051 685 4116 Cic.
710 4054 749 4115 dc
771 4071 842 4134 rep.
866 4051 904 4126 2,
928 4049 981 4114 31.
1018 4050 1144 4113 Guther
1166 4050 1204 4113 de
1228 4050 1290 4114 iur.
1314 4061 1407 4132 pont.
1433 4051 1465 4128 2,

137 4147 217 4225 10.).
263 4144 374 4211 Ceteri
397 4148 629 4214 damnationem
658 4148 812 4231 putabant
834 4143 969 4229 intelligi
991 4142 1023 4207 in
1049 4145 1178 4207 eandem
1204 4164 1314 4208 omues
1339 4155 1467 4208 senteu-

132 4239 209 4302 tiam
231 4241 428 4323 explicantes
445 4256 573 4326 praeter
597 4243 778 4307 Morbium.
824 4240 888 4305 Hic
909 4239 1034 4302 videtur
1057 4241 1172 4321 (neque
1196 4258 1275 4304 vero
1297 4239 1361 4304 hoc
1383 4237 1464 4314 dixi,

133 4344 170 4396 nt
194 4355 383 4419 arguerem,
414 4340 470 4401 sed
491 4357 551 4413 ue,
584 4347 619 4398 ut
639 4335 693 4411 fit,
724 4336 828 4400 alieno
851 4354 966 4399 errore
988 4335 1057 4417 ipse
1080 4333 1250 4417 arguerer)
1272 4332 1303 4397 ia
1326 4333 1468 4417 explica·

130 4428 221 4492 tione
243 4429 451 4493 Plutarchum
473 4442 602 4494 secutus
626 4449 689 4493 non
712 4429 910 4494 intellexisse
931 4428 1074 4510 praecise
1098 4427 1239 4492 locutum
1259 4449 1361 4513 neque
1385 4428 1468 4492 libe-

132 4544 202 4584 rum
226 4543 296 4587 esse
318 4525 358 4586 ab
381 4525 547 4587 erroribus
571 4521 626 4604 (C.
644 4523 786 4587 Gracch.
804 4525 864 4603 4.).
908 4523 1083 4586 Praeterea
1099 4523 1257 4586 assentior
1272 4524 1467 4607 Fergusoos

133 4631 164 4682 et
187 4617 420 4704 Hegevvisehio
441 4617 547 4701 legem
571 4617 823 4680 existimantibus
849 4614 1013 4681 oblivione
1037 4618 1106 4679 esse'
1129 4617 1301 4690 abolitam;
1325 4614 1357 4677 id
1379 4616 1468 4698 quod

134 4734 198 4798 ego
221 4712 382 4777 concludo
404 4733 445 4776 ex
469 4712 577 4778 verbis
599 4710 789 4788 Ciceronis,
820 4733 902 4795 qnae
925 4722 997 4774 sunt
1020 4709 1051 4773 in
1075 4709 1222 4775 oratione
1243 4730 1306 4795 pro
1329 4707 1466 4774 Rabirio

100 4882 108 4891 ,
136 4818 222 4893 (cap.
247 4809 308 4889 4.);
342 4828 447 4892 neque
476 4828 558 4873 vero
587 4828 657 4873 cnm
686 4806 796 4871 iisdem
826 4805 902 4871 viris
932 4803 1035 4871 ductis
1057 4826 1242 4891 perversam
1264 4805 1467 4889 ineptamqne

140 4904 286 4972 dixerim.
