3490 5586
636 370 701 442 111
723 369 983 444 1111111111.
1406 354 1468 446 ao

231 521 272 587 P.
298 520 352 584 42.
374 517 398 583 Ι.
422 516 475 582 22.
498 516 644 603 legimus
680 518 730 581 ita
759 516 931 608 perfecte]
968 517 1114 603 tegimus
1143 517 1304 611 perfecte
1338 520 1471 605 (omisso

142 604 197 671 ita
236 607 337 670 Goth.

191 606 271 756 )P.
296 691 349 753 43.
372 689 395 752 Ι.
419 692 451 752 1.
472 687 509 750 in
527 686 760 769 expositione]
783 688 818 750 in
840 709 883 750 ea
903 686 1117 772 expositione
1139 689 1254 755 Ambe.

231 777 273 841 Ρ.
298 774 397 854 43.‚l.
420 775 452 836 5.
475 773 641 858 quotidie]
663 774 787 836 cotidie
810 775 925 836 Α111111.
1158 820 1163 829 .

230 862 271 925 Ρ.
296 862 351 923 tt.
374 859 397 922 Ι.
421 858 453 921 8.
477 859 655 943 dequibus
672 857 707 951 in
728 858 950 942 argumento]
972 858 1151 943 dequibus
1170 872 1376 945 argumento
1390 860 1469 943 (om.

141 946 181 1010 in
221 947 338 1010 Ambr.
936 984 942 993 ι

176 944 199 1029 )
229 1032 271 1096 Ρ.
296 1030 396 1093 43.Ι.
422 1028 1343 1115 10.11111107.1.1.·011111111111]911οᾶ]1.07.1.
1367 1054 1396 1096 c.
1420 1031 1472 1095 in-

139 1137 247 1181 cenea
268 1126 357 1179 esset
381 1113 496 1177 Ambr.
1075 1148 1077 1151 .

229 1202 271 1266 Ρ.
296 1202 349 1263 44.
374 1200 396 1261 Ι.
421 1192 473 1261 22.
486 1195 686 1289 factiones]
731 1199 876 1264 actionis
899 1200 1013 1263 Ambr.

296 1285 349 1348 43.
373 1284 397 1346 Ι.
422 1284 474 1346 24.
485 1281 650 1373 faceret,
699 1285 828 1365 omnm]
840 1282 988 1376 faceret
1010 1283 1205 1349 et'domum
1227 1284 1344 1348 Ambe.

297 1369 350 1432 43.
374 1369 398 1430 Ι.
421 1368 474 1430 25.
497 1370 714 1450 obsederunt]
737 1370 936 1432 obsiderunt
958 1370 1076 1433 Α111Ι11.

295 1454 349 1516 43.
373 1454 396 1516 Ι.
420 1452 473 1514 27.
497 1453 657 1538 itemque]
681 1467 823 1538 uterque
847 1457 963 1517 Ambe.

295 1540 349 1602 44.
373 1539 396 1601 Ι.
420 1537 453 1600 9.
476 1539 724 1621 enarrandum]
748 1539 961 1603 narrandum
985 1541 1101 1603 Ambe.
1171 1588 1180 1603 .

297 1626 349 1686 44.
374 1624 397 1685 Ι.
423 1624 476 1685 10.
499 1624 530 1687 si
560 1645 629 1688 non
660 1645 778 1688 omnes
807 1646 915 1710 aeque
941 1623 1150 1708 probantur]
1183 1624 1216 1689 si
1246 1645 1364 1689 omnes
1394 1669 1403 1688 .
1429 1669 1473 1690 ..

128 1709 334 1794 probantur
355 1698 470 1792 Ambe.
1046 1729 1053 1746 *

226 1795 267 1859 P.
292 1794 346 1856 44.
370 1793 393 1855 Ι.
418 1792 470 1856 10.
491 1792 930 1874 postulaturutdioidatur]
939 1796 1094 1878 postulat
1105 1791 1473 1859 utdividbnturAmbr.
1508 1816 1517 1825 “

228 1879 271 1942 Ρ.
295 1879 348 1939 44.
372 1878 396 1939 Ι.
421 1880 474 1939 11.
497 1875 695 1968 referatur]
719 1876 926 1970 referantur
948 1882 1064 1944 Asnbr.
1445 1916 1458 1931 a

224 1964 268 2027 P.
292 1964 346 2025 44.
369 1963 394 2026 Ι.
414 1962 471 2024 12.
495 1963 651 2044 auditor]
673 1964 815 2026 adiutor
837 1966 951 2028 Ambr.
976 1966 1086 2049 Lugd.
1121 2000 1160 2012 -
1194 1964 1378 2049 Utrumque
1404 1963 1472 2026 sine

139 2048 242 2112 (lesbio
268 2059 467 2127 corruptum.
510 2049 721 2133 Legendom:
745 2048 838 2134 qnod
858 2046 1023 2139 nonfuit
1044 2048 1226 2114 adiectum.
1270 2048 1326 2112 Sic
1348 2050 1471 2114 Asson.

141 2135 183 2195 ab
205 2153 255 2197 or.
277 2153 341 2215 pra
364 2130 517 2195 Cornelio
540 2154 571 2213 p.
595 2138 645 2196 77.
669 2132 690 2195 Ι.
712 2133 743 2198 2.
757 2135 906 2198 nomina
926 2136 1002 2196 sola
1022 2155 1091 2198 non
1113 2133 1244 2198 adiicit.
1278 2135 1367 2200 Ru.

230 2219 271 2281 P.
296 2219 349 2280 44.
367 2216 396 2287 ,Ι.
423 2217 477 2279 12.
500 2218 582 2283 Non
603 2219 695 2282 enim
716 2219 748 2281 ei
769 2219 842 2303 qui]
865 2240 933 2282 non
956 2240 1041 2281 eme.
1065 2220 1125 2303 qui
1146 2221 1261 2292 Ambe.

228 1287 271 1349 P.

228 1370 270 1435 P.

227 1455 270 1518 P.

229 1540 271 1603 P.

228 1625 270 1688 P.

229 2304 270 2367 P.
293 2304 348 2365 44.
371 2303 394 2366 Ι.
420 2302 472 2364 13.
496 2303 786 2386 consurgendum]
809 2304 1054 2367 consulendum
1076 2306 1193 2368 Ambe.

230 2388 273 2451 P.
298 2388 351 2449 44.
375 2388 398 2451 Ι.
423 2387 477 2451 14.
501 2387 640 2469 Diuide]
663 2389 806 2471 denique
830 2390 946 2452 Atobr.

229 2472 272 2536 P.
297 2472 356 2535 44.
375 2473 397 2534 Ι.
423 2475 475 2534 17.
499 2475 536 2536 S.
560 2472 614 2553 0.]
638 2473 687 2535 sic
711 2475 825 2536 Ambr.
869 2501 873 2509 ’

228 2556 273 2618 Ρ.
297 2557 351 2617 44.
373 2557 397 2619 Ι.
424 2558 475 2621 19.
487 2554 648 2646 saetam]
662 2556 809 2644 factum
832 2556 948 2619 Arabs.

228 2641 271 2705 P.
296 2641 348 2703 45.
372 2641 396 2703 Ι.
421 2645 452 2705 1.
475 2648 573 2727 Quae
597 2664 662 2707 oin.
687 2645 802 2706 Ambr.
819 2643 929 2726 Lngd.
953 2672 993 2685 -
1016 2640 1101 2705 Mihi
1124 2641 1170 2705 sic
1192 2643 1328 2726 legenda
1347 2641 1474 2706 videtur

138 2725 301 2813 particula
323 2725 477 2789 orationis
500 2708 724 2791 Munationae:
748 2732 863 2811 Quum
885 2731 928 2812 Q.
951 2725 1161 2791 Hortensius
1184 2729 1347 2791 dixisset:
1368 2740 1496 2792 extra

143 2814 302 2879 ordinem
322 2824 565 2895 quaereretur3
598 2813 693 2894 apud
714 2826 930 2897 quaestorem
949 2812 1134 2876 aestimare
1144 2809 1342 2903 futurum,
1365 2824 1405 2876 ut
1431 2844 1474 2858 -

144 2900 343 2963 devoraret:
379 2897 544 2961 adversus
563 2897 734 2960 hominem
756 2897 975 2979 ingeniosum
1000 2916 1069 2960 non
1090 2898 1231 2983 ingenio
1256 2898 1313 2962 usi
1336 2919 1472 2982 sumus,-

141 2982 336 3048 invenimus
357 2982 498 3068 Fufium
519 2982 578 3067 qui
600 2983 744 3046 diceret:
767 2983 891 3047 Divide
912 2994 976 3045 cet.
1022 2983 1109 3049 fleu.

138 3152 171 3216 Α
225 3068 267 3132 Ρ.
295 3065 347 3129 45.
362 3065 398 3129 ·Ι.-
419 3068 451 3130 2.
475 3079 512 3129 ut
540 3089 617 3129 cum
635 3069 803 3151 pusillum
823 3068 963 3148 edisset]
992 3079 1110 3131 utrum
1129 3068 1303 3151 pupillum
1323 3068 1473 3134 dedisset

176 3154 264 3214 mbr.

229 3237 272 3301 P.
297 3236 349 3299 45.
376 3236 399 3298 Ι.
423 3236 455 3298 3.
478 3235 690 3319 acerbitatis]
713 3235 880 3301 acerbitas
904 3238 1021 3300 Amhr.

229 3322 272 3384 P.
298 3321 348 3386 45.
373 3320 396 3384 Ι.
421 3322 453 3383 4.
477 3321 631 3403 ingenio]
654 3341 721 3384 non
743 3321 884 3405 ingenio
905 3324 1022 3406 Ambe.
1044 3322 1155 3407 Lngd.

229 3406 274 3469 P.
299 3406 351 3468 45.
375 3406 398 3468 Ι.
422 3406 689 3485 4.·usi*sumus]
713 3405 767 3469 Sic
788 3406 906 3469 Amba.
929 3409 1041 3491 Lugii.

230 3491 273 3553 P.
298 3490 350 3553 45.
373 3489 398 3552 Ι.
423 3493 454 3554 5.
478 3490 623 3562 1711111111
654 3491 805 3575 retiquae
824 3491 920 3573 parti
940 3490 1143 3573 sententiae]
1173 3491 1357 3556 divideret:
1393 3492 1473 3558 reii-

141 3594 233 3659 quae
253 3587 369 3657 partes
388 3576 591 3638 sententiam
613 3577 728 3638 Ambe.
752 3577 861 3658 Lugd.

230 3660 273 3723 Ρ.
299 3660 353 3722 45.
377 3659 400 3721 Ι.
425 3662 477 3722 14.
501 3665 543 3724 L.
568 3659 730 3739 Domitii]
753 3662 813 3724 Cn.
837 3659 985 3722 Domitii
1007 3661 1124 3724 Ambr.
1149 3661 1259 3745 Lugd.

230 3744 274 3807 P.
298 3744 351 3807 46.
376 3745 399 3806 Ι.
423 3744 455 3806 3.
478 3743 647 3827 tribubus]
670 3744 780 3806 tribus
802 3743 919 3805 Ambe.

232 3829 273 3893 P.
298 3829 352 3891 40.
375 3829 397 3891 Ι.
423 3832 454 3891 5.
478 3829 640 3894 intimam
662 3826 872 3915 offenderat]
895 3827 1076 3905 infirmam
1097 3828 1295 3892 ostenderat
1317 3831 1435 3893 Ambe.

231 3914 273 3976 P.
298 3914 351 3976 46.
374 3913 398 3976 l.
423 3916 457 3978 7.
477 3916 598 3999 ltaque
619 3914 706 3975 iilud
725 3913 802 3992 cet.]
839 3913 929 3975 Haec
959 3912 1118 3984 verbmin
1150 3912 1260 3976 codice
1289 3915 1399 3997 Lugd.
1430 3913 1499 3976 itn‘

144 3996 264 4079 scripta
289 4008 381 4060 sunt:
415 4000 445 4063 Ι.
469 3998 493 4061 i.
517 4001 557 4064 G.
580 3998 637 4060 cui
657 3997 832 4078 (rescripto
859 3999 978 4070 verbo,
1012 3998 1042 4058 in
1070 3998 1212 4080 margine
1236 3997 1363 4060 additur
1384 3997 1473 4061 bono

128 4079 277 4174 suerit)
298 4082 334 4145 in
355 4082 410 4146 his
428 4084 589 4165 personis
612 4087 733 4146 valeat.
777 4083 864 4146 Puto
894 4082 925 4144 in
946 4082 1091 4145 Asconio
1116 4081 1213 4146 fuisse
1241 4082 1327 4144 solas
1352 4081 1472 4146 litteras

142 4190 174 4231 c.
197 4169 230 4231 b.
243 4164 306 4258 f..·
337 4166 369 4230 id
396 4189 457 4248 pro
487 4168 677 4247 compendio
707 4165 798 4230 nnius
828 4167 917 4229 verbi
944 4187 1013 4230 esse
1040 4167 1179 4229 habitum
1209 4187 1230 4229 a
1255 4166 1405 4253 Poggio,
1438 4178 1473 4231 ut

140 4252 412 4332 interpretaretur
432 4253 612 4315 indicium.
657 4253 745 4317 Res.
840 4285 841 4288 ¹
1134 4260 1141 4268 ’

232 4337 275 4399 Ρ.
300 4337 353 4398 40.
376 4337 400 4399 Ι.
426 4338 457 4399 7.
480 4336 604 4418 valeat]
628 4339 717 4399 vaiet
738 4338 854 4401 Ambr.
1108 4390 1113 4403 .

230 4421 273 4484 P.
299 4422 351 4483 40.
375 4421 399 4484 l.
424 4422 477 4484 24.
500 4422 579 4485 ideo
599 4425 713 4485 tumen
731 4421 848 4485 curiae
872 4418 983 4500 dicit]
1006 4422 1099 4485 Haec
1115 4420 1214 4483 verba
1232 4417 1471 4502 interpolatoris

140 4526 216 4571 esse
239 4516 327 4584 putet
350 4508 436 4569 Rau.
1406 4544 1411 4551 ·

231 4591 274 4653 P.
298 4589 351 4652 40.
375 4591 398 4652 Ι.
423 4591 474 4656 20.
499 4589 681 4670 intentata]
705 4588 837 4652 intenta
858 4590 973 4653 Ambe.
997 4591 1107 4673 Lugd.

231 4676 274 4738 P.
299 4672 353 4738 40.
378 4675 401 4738 Ι.
425 4675 479 4738 27.
503 4696 572 4738 non
593 4694 669 4737 sum
684 4675 827 4757 passus]
846 4695 974 4758 passus
995 4695 1064 4739 non
1085 4694 1162 4737 sum
1183 4672 1301 4737 Atnbr.

232 4761 275 4825 P.
300 4760 360 4824 46.
377 4760 401 4822 Ι.
425 4760 478 4823 27.
502 4771 554 4823 est
577 4779 641 4824 om.
663 4761 780 4823 Ambr.

233 4846 277 4909 P.
302 4847 354 4909 47.
377 4844 402 4909 Ι.
427 4846 458 4908 1.
480 4845 563 4930 quo]
585 4844 678 4931 qaod
699 4846 817 4910 Ambe.
