3490 5586
239 322 244 331 ’
337 358 399 427 ast
527 451 534 465 ι
736 357 888 425 murex
909 354 1263 426 rouuncuunu.

331 503 429 587 pati,
453 500 573 585 siquis
595 500 644 580 id,
668 504 756 588 qtrod
779 501 858 564 alter
872 501 1034 576 intendit,
1059 513 1189 583 paratus
1211 511 1260 564 est
1281 499 1325 564 ita
1346 499 1520 576 sustinere,
1544 510 1581 563 ut
1606 520 1664 564 res

336 600 420 679 apud
440 597 575 660 iudicem
601 609 733 681 agatur3
767 617 847 679 quae
873 596 1030 671 formula,
1056 596 1203 680 quoniam
1234 596 1300 658 eius
1325 595 1407 658 ratio
1433 593 1666 677 grammatica,

336 691 395 755 etsi
420 691 541 755 sincera
564 713 601 754 ac
623 691 777 773 simplex,
809 691 917 772 paullo
943 702 1045 752 tamen
1072 687 1266 771 implicatior
1290 699 1376 765 crat,
1405 688 1598 771 plerumque
1620 689 1671 751 ita

336 798 490 868 corrupta
517 796 582 861 est,
605 797 640 848 ut
661 807 722 866 pro
746 805 782 847 ea
807 784 1023 847 scriberetur:
1054 783 1220 846 iudicium
1237 782 1326 867 poti.
1372 782 1436 845 Sed
1458 781 1531 846 libri
1558 794 1672 846 tamen

335 880 459 962 optumi
483 882 613 943 eandem
637 889 831 963 agnoscunt,
857 880 945 940 velut
961 878 992 940 in
1009 888 1162 940 accusat.
1187 877 1243 940 lib.
1266 877 1314 941 lt.
1339 898 1367 943 c.
1393 878 1529 944 XXIV.
1552 881 1590 952 §.
1615 880 1675 941 60.

334 975 457 1051 amici,
491 974 620 1058 siquis
647 973 732 1057 quid
751 984 904 1056 peteret,
939 964 1068 1035 iudicio
1090 994 1127 1034 se
1145 992 1333 1055 passuros,
1368 972 1561 1035 iudicatum
1586 974 1679 1036 solui

334 1070 422 1132 satie
445 1068 587 1131 daturos
609 1090 683 1131 esse
707 1067 896 1141 dicebant„
922 1065 968 1130 uti
990 1078 1022 1129 et
1045 1065 1119 1129 libri
1141 1086 1269 1141 omues,
1295 1066 1387 1128 etiam
1411 1066 1676 1143 Vaticanus,·et

336 1164 409 1226 edd.
432 1162 592 1245 principes
617 1163 746 1245 legunt,
778 1173 808 1224 et
831 1173 983 1224 accurat.
1008 1162 1064 1223 lib.
1088 1160 1155 1223 III.
1180 1158 1223 1224 C.
1247 1160 1423 1224 XXVIII.
1448 1164 1479 1235 §.
1504 1162 1583 1236 68..
1619 1164 1677 1225 nbi

335 1258 512 1322 Vaticanus
541 1269 572 1320 et
594 1256 901 1341 Lagomarsinianus
924 1256 981 1330 12,
1006 1253 1082 1317 libri
1106 1254 1246 1338 optumi,
1271 1254 1301 1317 iu
1324 1256 1386 1318 hac
1405 1255 1568 1338 scriptura
1592 1277 1676 1320 con·

336 1352 497 1415 sentinante
532 1353 793 1438 Agyrinenses,
828 1351 895 1413 uiri
907 1348 1139 1437 fortissumi,
1173 1349 1303 1414 iudicio
1331 1372 1367 1414 sc
1391 1346 1568 1435 periuros
1599 1373 1675 1414 eree

335 1445 503 1508 dicebant.
549 1447 629 1507 Eam
656 1444 826 1508 formulam
850 1456 884 1506 et
909 1444 1077 1525 Zumptius
1100 1455 1187 1505 recte
1209 1446 1334 1506 demum
1357 1444 1492 1530 agnovit
1519 1466 1597 1508 curn
1625 1447 1672 1509 A.

336 1539 433 1603 Maio
458 1539 490 1600 in
511 1539 675 1602 Addendis
698 1540 738 1600 ad
756 1537 889 1602 Verrio.
917 1548 1016 1601 oratt.
1041 1558 1074 1619 p.
1100 1537 1194 1601 1029.
1219 1550 1249 1599 et
1272 1559 1331 1601 nos
1353 1538 1560 1602 restituemus
1585 1539 1672 1602 inira

336 1633 382 1715 [in
406 1644 491 1696 orat.
512 1655 580 1715 pro
601 1637 640 1698 P.
664 1633 839 1716 Quinctio]
868 1653 940 1714 cap.
964 1632 1136 1695 XXVIII.
1161 1634 1192 1705 §.
1216 1633 1270 1695 87.
1304 1653 1345 1695 ex
1372 1633 1461 1696 libris
1485 1634 1669 1714 plurumis:

333 1727 465 1790 idcirco
490 1728 605 1791 miuus
633 1728 760 1791 iudicio
779 1728 858 1810 pati
878 1739 1044 1810 paratum
1062 1724 1192 1813 fuisse.
1244 1726 1367 1788 Ambae
1395 1728 1455 1790 hae
1481 1724 1669 1803 loriculae,
1710 1744 1711 1785 l

330 1823 375 1895 ,dc
405 1821 519 1905 qtribus
542 1822 678 1912 dubitari
702 1823 762 1883 iam
793 1831 1004 1902 conpotem,
1030 1822 1156 1884 —hoc
1181 1820 1256 1885 loco
1279 1821 1468 1885 coniunctae
1494 1822 1540 1885 ita
1572 1835 1668 1897 suat,

335 1926 371 1978 ut
392 1916 522 1979 iudicio
547 1919 588 1979 ad
609 1927 779 1998 utrumque
802 1916 934 1976 verbum
958 1915 1150 1996 pertineret,
1186 1916 1260 1991 sed,
1298 1925 1332 1977 ut
1357 1938 1416 1998 par
1442 1926 1529 1989 erat,
1569 1920 1670 1980 semel

334 2021 455 2072 tantum
479 2021 668 2092 poneretur.
701 2009 754 2072 Sic
773 2008 878 2071 omnia
901 2009 960 2071 iarn
977 2030 1051 2072 sana
1071 2021 1161 2073 sunt:
1184 2023 1320 2075 nonest
1335 2010 1518 2095 iatudpnti
1537 2014 1670 2096 (nempe
1710 2056 1711 2093 ,

337 2104 483 2186 iudicio)
506 2125 613 2188 neque
635 2104 764 2167 iudicio
786 2101 1011 2186 defendere.”
1710 2100 1711 2107 '

421 2199 617 2263 Iudicium
641 2198 776 2262 maiores
799 2198 1011 2262 consilium
1034 2197 1242 2281 publicum
1266 2199 1377 2265 vocari
1392 2203 1585 2266 voluerunt.
1609 2223 1666 2286 pro

337 2294 373 2358 S.
397 2294 521 2358 Roscio
545 2294 622 2358 Am.
646 2294 705 2368 52,
732 2293 804 2356 151.

420 2386 618 2451 Iudicium
642 2398 691 2450 est
713 2386 865 2468 pecuniae
889 2398 1013 2450 certae:
1047 2387 1261 2451 arbitrium
1284 2389 1440 2453 incertae.
1486 2388 1542 2452 Ad
1567 2388 1667 2453 iudi·

336 2479 436 2545 cium
460 2484 522 2544 hoc
544 2483 641 2545 modo
669 2482 829 2557 venimus,
854 2493 888 2542 ut
914 2490 1014 2544 totam
1041 2482 1125 2543 litem
1153 2493 1206 2544 atu
1231 2482 1430 2546 obtineamus
1456 2495 1511 2545 aut
1540 2483 1666 2546 amitta-

335 2596 421 2648 mus;
444 2577 484 2636 ad
506 2575 723 2638 arbitrium
747 2576 811 2639 hoe
828 2575 933 2638 auimo
957 2576 1098 2651 adimus,
1124 2587 1158 2637 ut
1180 2598 1283 2661 neque
1304 2577 1381 2639 nibil
1405 2598 1507 2660 oeque
1529 2590 1662 2656 tantum,

336 2679 486 2752 quantum
510 2668 760 2751 postulavimus,
785 2690 1031 2753 consequamur.
1066 2692 1126 2750 pro
1151 2671 1274 2735 Roscio
1297 2673 1453 2735 comoedo
1477 2673 1516 2749 4,
1543 2676 1600 2736 10.

421 2762 621 2825 Iudicium
645 2763 847 2844 accipere.
882 2785 944 2845 pro
968 2763 1119 2842 erinctio
1143 2754 1211 2841 2ό,’
1227 2764 1282 2827 82.

423 2857 624 2922 Iudicium
655 2858 817 2921 dedolo
841 2859 940 2921 malo
966 2857 1007 2923 C.
1032 2858 1193 2943 Aquillius
1217 2858 1369 2941 protulitt
1405 2874 1499 2943 quem
1532 2862 1662 2925 dolum

336 2951 423 3110 139ιῖ
442 2962 506 3106 trpp
530 2951 663 3106 trpperi
689 2962 798 3033 putat,
823 2972 893 3015 cunr
916 2952 1000 3015 aliud
1021 2953 1061 3014 sit
1084 2954 1280 3028 simulatum,
1305 2952 1388 3017 aliud
1409 2967 1528 3019 actum.
1563 2958 1606 3021 de
1626 2957 1663 3021 li.

373 3090 382 3108 .
430 3090 439 3120 ,
515 3088 524 3119 ,
599 3088 607 3107 .

424 3137 620 3204 Iudicium
643 3158 852 3204 exercerc.
885 3142 1008 3204 Ascon.
1033 3140 1063 3203 in
1088 3141 1199 3203 Scaur.
1223 3166 1257 3225 p.
1281 3143 1334 3205 30.
1359 3124 1445 3207 Bait.

371 3286 375 3293 .
420 3232 620 3296 Iudicium
651 3232 689 3295 in
724 3235 930 3316 octuplum
964 3236 1072 3298 dare.
1118 3236 1217 3302 Verr.
1243 3238 1363 3302 Aecus.
1388 3239 1426 3315 3,
1455 3242 1516 3317 10,
1545 3241 1646 3305 20.··

337 3327 383 3389 In
406 3327 686 3409 quadruplum.
731 3328 814 3392 Ibid.
840 3329 898 3402 13,
923 3330 976 3392 34.

424 3421 622 3486 Iudicium
652 3424 869 3505 postulare
902 3445 919 3485 a
946 3436 1108 3505 praetore.
1153 3427 1191 3489 Io
1218 3448 1286 3489 cum
1311 3427 1497 3491 iudicium
1524 3433 1570 3495 de
1589 3447 1650 3510 pos·

337 3514 481 3579 sessione
507 3517 651 3600 iugerum
676 3509 976 3599 postulabatur.
1021 3518 1123 3583 Verr.
1147 3523 1268 3585 Areus.
1293 3523 1331 3597 3,
1356 3524 1413 3597 15,
1438 3523 1491 3586 39.
1521 3561 1568 3572 -
1592 3523 1656 3590 cm

335 3621 421 3673 essct
441 3612 623 3684 damnatus,
647 3624 716 3675 erat
738 3611 931 3675 iudicium
953 3615 1255 3694 postulaturus.
1286 3619 1326 3679 ad
1348 3620 1419 3680 Au.
1444 3617 1480 3693 2,
1506 3618 1573 3697 tt,
1600 3622 1630 3682 t.

423 3703 616 3766 Iudicium
646 3707 851 3788 publicum
880 3708 940 3770 rei
970 3708 1160 3790 privatae
1191 3708 1264 3792 lege
1294 3710 1469 3775 Plaetoria.
1517 3715 1560 3776 de
1597 3716 1664 3777 Nat.

310 3798 443 3863 'Deum
467 3798 505 3870 3,
531 3799 590 3873 30,
615 3801 667 3860 tt.

421 3892 620 3955 Iudicium
643 3895 1016 3976 recuperatorium.
1062 3898 1164 3959 Verr.
1188 3898 1309 3960 Aecus.
1334 3897 1371 3972 3,
1399 3900 1456 3973 11,
1482 3899 1535 3962 27.

423 3985 621 4050 Iudicium
645 3999 777 4070 turpe.
824 3992 920 4069 Quod
944 3989 970 4052 si
1000 3990 1231 4052 animadversio
1258 3992 1403 4055 censoria
1429 3992 1585 4056 iudicium
1611 4018 1671 4078 pu·

338 4090 479 4155 teretur,
506 4091 540 4142 ut
561 4082 659 4144 ceteri
679 4082 792 4164 turpi
816 4083 970 4147 iudicio
994 4083 1130 4145 damnati
1153 4083 1184 4146 in
1210 4097 1399 4166 perpetuum
1427 4084 1514 4148 omni
1540 4089 1671 4154 honore

340 4196 375 4236 ac
399 4173 553 4257 dignitate
581 4176 766 4256 privantur,
792 4177 837 4238 sic
864 4178 1042 4239 hominibus
1065 4177 1289 4261 ignominia
1311 4178 1469 4242 notatis
1492 4202 1603 4266 neque
1631 4186 1672 4246 ad

337 4271 535 4331 honorem
568 4270 698 4333 aditus
728 4292 829 4353 requie
860 4270 896 4332 in
926 4272 1074 4333 curiam
1105 4272 1267 4333 reditus
1297 4284 1392 4335 esset.
1431 4296 1492 4355 pro
1517 4275 1671 4342 Cluentio

342 4363 398 4438 tt,
424 4365 498 4428 119.
523 4397 563 4408 -
586 4365 878 4451 Iudiciopturpi
901 4358 1129 4429 convictus.
1168 4387 1228 4448 pro
1253 4365 1403 4445 Quinctio
1430 4370 1487 4444 15,
1514 4370 1571 4433 19.

424 4459 523 4541 luge
557 4458 795 4540 auspicium.
840 4461 911 4522 Nos
933 4480 1069 4541 arigurcs
1095 4460 1327 4543 praecipimus,
1362 4482 1402 4522 ne
1423 4460 1519 4545 iuge
1542 4462 1672 4545 auspi·

339 4551 444 4615 cium
466 4553 633 4627 obveniat,
658 4565 692 4614 ut
716 4554 850 4615 iumenta
873 4553 1000 4614 iubeant
1027 4553 1204 4637 diiungere.
1234 4557 1273 4617 dc
1296 4554 1442 4619 Divinat.
1467 4558 1505 4629 2,
1531 4556 1592 4631 35,
1621 4562 1670 4620 tt.

426 4647 632 4729 luppiter.
677 4647 715 4710 In
742 4666 897 4730 anglicum
924 4650 1157 4711 commentariis
1183 4648 1335 4730 scriptum
1363 4651 1536 4713 babemus:
1572 4652 1669 4715 love

339 4751 509 4804 tonante
531 4743 771 4825 fulgurante
794 4742 955 4803 comitia
979 4741 1121 4822 populi
1143 4743 1288 4805 babere
1312 4744 1437 4821 nefas.
1463 4747 1501 4807 de
1523 4744 1665 4809 Divinat.

339 4835 375 4914 2,
404 4834 465 4914 18,
485 4836 540 4905 tt.
569 4869 610 4881 -
642 4839 795 4924 Augures
821 4855 929 4900 omnes
953 4857 1051 4924 usque
1078 4858 1096 4903 a
1120 4837 1260 4905 Romulo
1289 4841 1519 4906 decreverunt:
1564 4840 1665 4907 Iove
