3338 5584
325 308 388 371 428
608 372 615 385 ,
726 304 877 368 INDEX
899 302 1255 367 FORMULARUM.

324 446 472 508 bellam
506 445 617 507 bello
649 446 975 525 persequendum
1007 439 1231 514 censuerit,
1266 451 1304 500 ut
1332 438 1386 516 is,
1421 439 1483 520 qui
1513 438 1608 501 omnia

326 541 490 600 deorum
531 536 812 618 hominumque
852 536 936 597 iura
981 554 1108 607 novo,
1154 531 1358 606 inaudito,
1402 530 1609 611 inexpiabili

325 630 482 692 scelere
504 627 724 708 polluerit,
744 627 983 707 nefarioque
998 625 1160 705 patriae
1179 643 1220 685 se
1237 622 1465 703 parricidio
1481 624 1612 684 obstrin-

326 721 455 792 xerit,
479 740 639 800 poenas
662 718 742 781 diis
764 718 1085 795 hominibusque
1108 715 1279 776 meritas
1301 715 1539 797 debitasque
1556 737 1613 795 per·

326 813 483 882 soleat:
519 810 687 872 Senatui
710 812 890 891 placere,
927 807 967 871 C.
994 806 1180 870 Cassium
1208 826 1374 885 procos.
1399 806 1613 886 provincias

327 903 485 982 Syriam
508 903 716 977 obtinere,
740 900 797 964 uti
821 900 888 982 qui
911 921 993 961 eam
1018 899 1176 979 optimo
1197 899 1288 959 iure
1310 897 1554 977 provinciam
1572 903 1614 959 ob·

326 993 519 1063 tinuerit3
558 1013 725 1074 eramque
758 1014 775 1054 a
812 993 856 1070 Q.
895 989 1054 1053 Marcio
1088 988 1243 1069 Crispo
1276 1008 1350 1068 pro
1387 990 1562 1061 consule,
1589 991 1614 1050 L.

328 1086 468 1147 Statio
491 1085 643 1146 Murco
672 1106 747 1165 pro
777 1084 970 1156 consule,
993 1083 1039 1144 Α.
1063 1081 1231 1144 Allieno
1254 1081 1413 1164 legato,
1444 1081 1616 1142 exercitu

328 1177 534 1255 accipere,
558 1195 708 1257 eosque
732 1176 767 1237 ei
789 1178 967 1246 tradere;
998 1194 1161 1254 cumque
1184 1173 1245 1233 his
1267 1171 1421 1252 copiis,
1445 1184 1482 1232 et
1501 1172 1532 1233 si
1551 1193 1615 1253 quas

327 1256 541 1349 praeterea
568 1268 803 1346 paraverit,
835 1265 951 1327 bello
975 1266 1016 1327 P.
1046 1264 1305 1327 Dolabellam
1335 1275 1441 1325 terra
1472 1264 1615 1345 marique

328 1358 543 1441 perseqni;
582 1358 666 1419 eius
693 1357 796 1420 belli
825 1355 998 1440 gerendi
1026 1376 1166 1430 causa,
1206 1356 1353 1438 quibus
1383 1354 1420 1416 ei
1449 1355 1614 1429 videatur,

329 1472 465 1523 naves,
501 1460 663 1524 nautas,
697 1450 924 1530 pecuniam,
961 1459 1203 1530 ceteraque,
1240 1468 1340 1530 qnae
1370 1446 1615 1507 adidbellun

330 1543 542 1627 gerendum
565 1541 824 1621 pertineant,
849 1554 890 1603 ut
912 1540 1134 1620 imperandi
1156 1540 1194 1601 iu
1218 1540 1351 1617 Syria,
1377 1538 1491 1612 Asia,
1516 1532 1615 1614 Birt,-

280 1696 285 1701 .
330 1636 411 1709 nia,
434 1635 570 1696 Ponto
593 1633 653 1694 ius
677 1643 1006 1715 potestatemque
1028 1634 1190 1704 habeat;
1214 1643 1354 1712 utque,
1378 1650 1615 1713 quamcunque

329 1727 369 1788 in
405 1724 658 1806 provinciam
696 1725 783 1793 eius
820 1725 921 1786 belli
958 1723 1129 1807 gerendi
1166 1743 1285 1784 causa
1322 1722 1553 1795 advenerit,
1581 1720 1616 1780 ibi

331 1817 455 1879 maius
485 1817 695 1896 imperium
720 1815 761 1878 C.
786 1815 936 1889 Cassii,
973 1836 1158 1895 procos.,
1191 1814 1263 1889 sit,
1299 1836 1411 1895 quam
1442 1813 1527 1875 eius
1552 1812 1616 1884 erit,

331 1908 399 1991 qui
422 1930 500 1969 eam
530 1908 788 1987 provinciam
818 1920 895 1968 tum
927 1905 1151 1979 obtinebit,
1188 1928 1271 1968 cum
1295 1904 1336 1969 C.
1361 1904 1546 1979 Cassius,
1573 1922 1617 1983 pre

330 1998 522 2071 cousule,
558 1998 597 2058 in
627 2018 709 2058 eam
740 1998 992 2078 provinciam
1023 1997 1204 2059 reuerita
1242 1999 1390 2080 Regem
1413 1997 1618 2060 Deiotarus

330 2100 482 2171 patrem
517 2100 555 2149 et
585 2108 721 2171 regem
752 2089 995 2152 Deiotarum
1029 2089 1182 2161 filium,
1217 2089 1269 2165 si,
1305 2102 1343 2151 ut
1375 2091 1511 2152 miultis
1541 2087 1619 2149 bellis

331 2201 625 2260 saepenumero
653 2180 871 2261 imperium
901 2182 1046 2262 populi
1069 2181 1237 2243 Romani
1267 2181 1467 2255 iuverint,
1501 2175 1618 2242 itenC·

333 2272 513 2336 Cassium
537 2293 704 2352 procos.
729 2274 864 2354 copiis
886 2274 973 2335 suis
997 2274 1228 2354 opibusque
1251 2274 1477 2346 iuvissent,
1506 2268 1619 2334 sensui

331 2366 570 2447 populoque
594 2366 772 2428 Romano
796 2377 950 2447 gratum
973 2386 1062 2428 esse
1083 2365 1295 2438 facturos3
1334 2367 1510 2448 itemque
1535 2364 1565 2425 si
1584 2382 1619 2422 ee

332 2457 414 2518 teri
450 2478 590 2538 reges,
630 2459 869 2519 tetrarchae
907 2461 1183 2540 dynastaeque
1220 2457 1439 2533 iecissent,
1483 2467 1618 2519 senatur

332 2550 607 2630 populumque
635 2550 848 2614 Romanum
877 2570 1011 2611 eorum
1042 2549 1179 2613 oflicii
1207 2572 1284 2613 non
1313 2547 1618 2612 immemoremls·

331 2652 483 2702 turum:
518 2641 659 2721 utique
683 2639 725 2702 C.
749 2642 897 2717 Pansa,
933 2642 979 2703 A.
1003 2642 1185 2716 Hirtius,
1217 2644 1425 2716 consules,
1462 2646 1559 2705 alter
1578 2661 1633 2709 an·¹

317 2733 453 2819 bove,
478 2731 512 2792 si
534 2732 593 2794 eis
619 2733 845 2808 videretur,
880 2755 925 2797 re
946 2734 1393 2816 publica'recuperata,
1424 2734 1477 2798 'de
1500 2731 1619 2816 proris

333 2823 408 2889 ciis
430 2824 736 2899 consularibus,
754 2827 1003 2905 praetoriis,
1022 2828 1067 2887 ad
1088 2829 1189 2888 hunc
1211 2827 1392 2889 ordinem
1416 2829 1542 2908 primo
1561 2842 1619 2905 qut

334 2934 411 2996 que
433 2925 613 2995 ternpore
636 2917 839 2989 referant;
871 2918 1030 2980 interea
1053 2920 1295 2999 provinciae
1317 2921 1361 2980 ab
1384 2919 1456 2994 iis,
1482 2942 1500 2981 a
1522 2917 1620 3002 quibu

334 3005 590 3081 obtinentur,
636 3009 915 3083 obtineantur,
957 3013 1088 3092 quoad
1125 3012 1274 3095 cuique
1315 3033 1360 3074 ex
1402 3025 1620 3074 senatuseor

333 3100 439 3160 sulto
463 3119 694 3160 successum
716 3100 781 3162 sit.
828 3102 971 3182 Philipp.
997 3105 1054 3175 11,
1081 3103 1138 3177 12,
1165 3104 1204 3166 29
1227 3126 1319 3186 seqq.

420 3191 500 3263 Sed,
536 3196 570 3250 nt
601 3190 773 3269 aliquando
804 3194 958 3255 sententia
991 3195 1205 3274 complectar,
1243 3196 1287 3257 ita
1317 3216 1454 3258 censeo:
1497 3194 1576 3259 Cuu
1597 3186 1620 3248 C·

334 3282 486 3352 Pansa,
520 3282 684 3354 consul,
719 3282 960 3363 imperator,
995 3285 1155 3347 initium
1187 3308 1271 3348 cum
1301 3278 1619 3350 hostibusconlli

335 3374 453 3455 gendi
478 3373 642 3447 lecerit,
674 3395 753 3455 quo
776 3377 942 3455 proelio
965 3376 1072 3460 legio
1096 3378 1243 3440 Martia
1267 3380 1507 3441 admirabili
1531 3380 1620 3438 incre·

333 3463 540 3547 dibilique
572 3465 729 3527 virtute
763 3467 1002 3529 libertatem
1036 3469 1179 3549 populi
1209 3471 1379 3533 Romani
1412 3464 1618 3534 detenderit.

334 3558 438 3635 quod
467 3556 566 3617 idem
599 3557 783 3641 legiones
814 3561 988 3620 tironum
1018 3561 1213 3634 iecerint;
1250 3562 1420 3645 ipseque
1448 3564 1491 3628 C.
1516 3565 1617 3625 Palm

333 3647 494 3720 consul,
528 3648 768 3728 imperator,
802 3673 882 3712 curn
912 3654 1021 3713 inter
1053 3654 1179 3714 media
1210 3656 1382 3715 hostium
1411 3658 1496 3717 tela
1524 3666 1618 3712 vers*

333 3749 461 3813 retur,
489 3740 660 3803 volnera
684 3745 907 3821 acceperit;
942 3764 1107 3825 curruque
1130 3746 1173 3806 A.
1200 3746 1374 3821 Hirtius,
1405 3746 1561 3819 consul,
1583 3741 1619 3800 in

334 3842 520 3910 perator,
545 3833 708 3910 proelio
732 3835 887 3907 audito,
913 3855 954 3896 re
978 3836 1159 3917 cognita,
1189 3836 1427 3900 fortissimo
1452 3845 1619 3920 praestat

334 3921 576 4005 tissimoque
600 3925 727 3986 animo
751 3925 971 3987 exercitum
995 3927 1144 3988 castris
1167 3930 1374 4004 eduxerit,
1397 3931 1619 4011 impetumque

333 4013 371 4076 in
401 4014 453 4075 Μ.
484 4015 700 4077 Antonium
734 4018 1045 4099 exercitumque
1081 4022 1258 4081 bostium
1292 4016 1460 4097 lecerit,
1498 4021 1619 4097 eiusque

269 4168 273 4174 ,
334 4106 478 4184 copias
502 4106 715 4168 occidione
739 4108 964 4183 occiderit,
989 4131 1065 4172 suo
1089 4113 1277 4173 exercitu
1299 4112 1354 4172 ita
1377 4111 1581 4177 incolumi,
1600 4114 1620 4162 ⁸¹

333 4218 379 4256 ne
402 4218 515 4257 tiniam
540 4198 692 4277 quidem
717 4200 882 4261 militem
907 4200 1230 4276 desideraverit3
1254 4226 1418 4286 cumque
1442 4205 1485 4268 C.
1504 4204 1619 4269 canu

333 4308 408 4366 pro
433 4300 643 4368 praetore,
662 4291 901 4369 imperator,
922 4292 1097 4355 consilio
1121 4288 1417 4379 diligentiaque
1439 4318 1509 4357 sua
1531 4299 1619 4354 castr¹

333 4378 519 4441 feliciter
550 4380 806 4452 defenderit,
842 4384 1071 4464 copiasque
1098 4388 1294 4463 hostium,
1329 4410 1428 4470 quae
1460 4389 1618 4448 adcaslt¹

335 4485 599 4546 accesserant,
636 4474 899 4557 profligarit,
936 4477 1162 4551 occiderit;
1201 4481 1248 4542 ob
1281 4500 1347 4541 eas
1380 4501 1447 4541 res
1484 4486 1618 4540 senates

334 4560 573 4665 existimare
597 4576 636 4626 et
659 4565 857 4643 iudicare,
883 4588 1017 4637 eorum
1041 4570 1159 4631 trium
1182 4572 1468 4652 imperatorum
1494 4570 1616 4630 riuus·

332 4652 529 4733 imperio,
567 4657 767 4734 oonsilio,
813 4660 1039 4742 gravitate,
1077 4664 1338 4740 constantia,
1378 4655 1617 4748 magnitudint
