3214 5586
362 420 378 433 .
464 376 823 445 unumunurn.
1074 328 1079 353 '
1247 372 1308 443 ast

45 528 93 595 Sti
108 533 194 610 postea
218 521 272 589 Μ.
299 519 494 593 Plaetorius
520 518 667 587 tribunus
692 517 795 603 plebis
823 519 929 602 (quens
955 515 1090 607 Pighius
1113 540 1196 585 anno
1219 544 1252 587 u.
1276 546 1306 589 c.

45 622 110 696 387..
124 639 173 700 qao
192 636 270 683 anuo
293 627 439 699 praetura
462 614 604 681 instituta
627 623 693 690 est,
717 611 921 698 assignavit),
945 611 1057 676 scituro
1080 613 1168 688 tulit,
1192 615 1223 679 in
1241 640 1308 702 quo

43 715 146 797 scripta·
164 725 226 779 est:
260 712 419 777 Parenos
444 730 588 777 maenus
615 728 671 783 our
697 729 783 771 nuuc
814 728 875 770 ner
897 726 1015 782 outone
1038 728 1119 772 rosr
1141 731 1207 772 nac
1230 734 1308 777 ruer

44 827 235 875 scrumosus
263 826 348 867 aruo
374 825 411 867 ec
437 823 590 869 asuero.
620 822 714 878 rsoun
741 822 842 878 usone
865 824 908 864 un
931 822 1110 866 suranorum
1133 824 1183 867 uus
1205 826 1307 873 turns

43 903 242 967 umrrorro.”
286 896 483 964 Censorinus
506 899 545 961 ds
566 895 619 961 die
640 895 736 960 natali
757 919 786 959 c.
811 895 865 960 20.
923 984 927 1003 Ι

190 1060 388 1124 Pnueroern
411 1056 452 1120 dc
473 1055 793 1143 circumscriptione
816 1057 1096 1123 adolescentium.
1117 1048 1122 1056 ¹

87 1184 161 1265 „Istc
174 1182 265 1246 dolus
280 1180 384 1243 malus
396 1190 428 1243 et
447 1178 572 1264 legibus
591 1191 659 1244 erat
676 1177 875 1256 vindicatus,
899 1192 934 1244 ut
953 1181 1052 1245 tutela
1074 1170 1306 1265 mutabatis,

28 1276 249 1360 circumscriptio
270 1273 540 1339 adolescentium
561 1274 633 1360 lege
655 1275 851 1351 Plaetoria,
877 1287 908 1339 ct
930 1277 997 1339 sine
1018 1276 1089 1361 lege
1113 1276 1252 1354 iudiciis,
1275 1282 1309 1347 in
1436 1294 1441 1303 “

28 1371 233 1457 qrbuadditnr
251 1386 298 1433 nx
319 1391 396 1431 runs
418 1366 539 1433 eoua.”
561 1368 794 1434 deoffic.111.
820 1370 875 1447 15,
900 1370 953 1433 61.
978 1405 1019 1418 -
1040 1371 1142 1445 ,lude
1157 1373 1307 1441 iudicium

25 1465 146 1548 poblicum
167 1463 213 1528 rei
232 1462 382 1546 privatae
404 1462 476 1547 lege
496 1462 708 1528 Plaetoria.”
742 1465 781 1526 de
805 1465 883 1527 Nat.
907 1464 1011 1529 Deor.
1035 1465 1102 1531 Ill.
1125 1468 1181 1545 30,
1208 1471 1259 1536 71.

82 1561 124 1625 De
141 1560 196 1624 hac
215 1558 290 1643 lege
314 1556 500 1633 Ernestius,
523 1556 575 1619 cui
597 1557 765 1621 Laetorio
785 1559 983 1634 nominatur,
1008 1561 1087 1624 haec
1108 1561 1222 1626 habet:

84 1656 241 1720 bserosrs
264 1653 343 1734 (pro
364 1671 430 1735 quo
450 1650 480 1713 iu
509 1650 614 1714 multis
636 1652 730 1735 volg.
755 1650 924 1716 Ciceronis
946 1653 1035 1715 libris
1060 1656 1138 1718 nale
1163 1670 1210 1720 est
1236 1662 1311 1724 Ple·

23 1751 117 1829 donn,
135 1749 309 1826 Lectoria,
334 1747 503 1821 Pletorio,
531 1745 656 1810 solenni
683 1745 889 1809 librariorum
914 1748 1133 1823 aberratioue3
1167 1773 1201 1841 y.
1225 1754 1312 1819 Dra.

22 1845 91 1910 berb.
106 1845 140 1906 ad
154 1842 232 1907 Lir.
255 1842 432 1907 XXXIV.
448 1842 517 1921 15.)
539 1852 663 1905 contro
682 1839 1019 1925 circumscriptiones
1040 1843 1309 1914 adolescentum.

23 1938 84 2001 Vide
104 1937 271 2002 Manutium
295 1939 336 1999 ad
355 1935 546 2002 Ciceronem
567 1934 648 1999 locis
670 1934 792 2009 citatis,
818 1935 1002 1999 salmasium
1030 1938 1070 1999 ad
1095 1936 1310 2022 Capitolinum

25 2031 156 2097 isllutoo.
177 2053 207 2114 p.
229 2032 310 2095 330.
333 2042 366 2095 et
388 2032 562 2095 Gruterum
583 2029 713 2097 ibidem.
759 2030 808 2094 Ea
826 2029 1097 2108 minorennitatis,
1123 2046 1156 2096 ut
1179 2050 1309 2114 vocant,

30 2125 77 2186 nui
94 2125 199 2189 deliniti
231 2137 322 2190 sunt.
367 2126 415 2188 Ea
444 2125 525 2187 euim
558 2136 684 2187 cautum
716 2135 781 2199 est,
817 2145 859 2187 ne
888 2127 1000 2191 XXV.
1028 2126 1131 2189 annis
1160 2130 1312 2197 minores

32 2218 140 2301 stipebri
155 2232 320 2305 possent,
352 2231 483 2283 auctore
503 2218 661 2284 Suetonio
683 2218 741 2282 lib.
766 2218 832 2283 IV.
857 2219 1010 2283 Praetor.
1034 2241 1086 2303 ap.
1111 2222 1309 2289 Prisciaoum

33 2313 124 2379 ‘litter
142 2315 325 2401 fragmenta
352 2313 517 2379 Suetonii:
552 2315 632 2377 rrude
660 2312 964 2398 quinouicenncria
988 2314 1107 2377 Plauto
1138 2316 1254 2382 dicitur
1278 2321 1310 2385 iu

31 2406 109 2472 Pmu
122 2410 148 2474 l.
169 2412 208 2488 3,
233 2410 291 2479 09.
337 2408 408 2472 Hac
430 2409 502 2493 lege
524 2406 571 2471 rei
588 2407 732 2489 privatae
751 2406 899 2468 iudicium
921 2407 1082 2488 publicum
1107 2410 1225 2475 facttum
1249 2427 1308 2492 est,

28 2500 162 2570 uenere
190 2505 234 2568 ait
266 2501 701 2568 consumentibus.
750 2500 824 2563 Alia
850 2499 916 2562 eius
941 2501 1045 2582 capita
1072 2503 1203 2590 collegit
1233 2509 1314 2571 Hei.

27 2596 114 2661 uuus
131 2600 172 2665 Η.
193 2600 224 2664 l.
250 2598 296 2664 C.
319 2619 355 2680 p.
377 2596 451 2673 tu,
474 2595 508 2659 in
527 2618 593 2681 quo
609 2617 672 2659 noo
692 2593 816 2656 videtur
831 2594 936 2657 locum
952 2593 983 2655 io
1000 2592 1176 2677 Capitolini
1191 2602 1310 2668 Marco

27 2686 165 2770 Mattius.
208 2694 296 2759 Naro
324 2693 372 2756 V.
403 2690 457 2755 Cl.
486 2690 560 2753 dicit
583 2689 626 2752 ibi
649 2688 748 2765 tradi,
782 2687 957 2779 minoribus
983 2689 1181 2770 petentibus,
1217 2717 1310 2761 carisa

31 2783 132 2865 mutia,
151 2790 242 2853 datos
258 2796 429 2849 curatores
444 2806 462 2848 e
476 2784 549 2869 lege
563 2785 635 2847 hac.
682 2781 884 2865 Capitolinus
901 2782 995 2845 dicit:
1018 2796 1199 2851 curatores
1211 2788 1312 2855 datos

33 2896 65 2935 ts
82 2900 111 2941 eo
122 2894 258 2966 propter
280 2879 459 2944 lasciuiam
480 2891 513 2943 et
535 2878 758 2951 dementium,
794 2878 991 2941 Antoninum
1018 2889 1119 2943 autem
1144 2883 1310 2961 statuisse,

32 2974 177 3041 ulceribus
197 2973 318 3041 adultis
338 2984 504 3037 curatores
525 2976 696 3046 darentur,
721 2993 785 3036 non
804 2971 936 3034 redditis
959 2973 1072 3039 carusis.
1118 2975 1181 3038 Sed
1195 2978 1311 3042 dudum

27 3074 76 3127 aute
91 3067 284 3135 Heioeccium
308 3088 418 3148 sparsa
448 3067 527 3153 legis
556 3066 649 3130 huius
672 3066 775 3149 capita
801 3066 937 3131 collecta
960 3079 1033 3129 stunt
1059 3089 1076 3129 a
1103 3071 1337 3150 Gothotreto,

22 3156 120 3226 1112.
138 3166 219 3231 Coti.
246 3160 423 3228 Thourios.
447 3161 489 3225 de
511 3161 630 3225 donat.
684 3160 774 3223 Tulit
804 3163 860 3226 Μ.
890 3162 1075 3225 Laetorius
1103 3166 1311 3232 Plancinnus

20 3250 126 3320 trbrm
144 3258 245 3342 plebis
270 3279 304 3321 a.
327 3278 361 3319 ιι.
385 3256 459 3319 190.
492 3255 598 3321 Coos.
619 3258 735 3336 doctos
765 3253 854 3318 siros
880 3257 921 3318 ad
944 3254 1018 3320 Gaii
1039 3256 1143 3324 Iustit.
1167 3260 1193 3325 1.
1215 3261 1248 3324 8.
1272 3264 1311 3326 de

19 3350 205 3419 mationibus.

79 3446 153 3511 Haec
174 3445 369 3513 Ernestius:
402 3466 496 3530 quern
518 3446 651 3509 Beierus
681 3444 720 3507 ad
743 3441 936 3509 Ciceronem
966 3446 1005 3507 de
1029 3444 1152 3508 Officiis
1173 3470 1209 3530 p.
1234 3449 1308 3515 290.

21 3535 131 3604 muru
151 3542 208 3606 urz

76 3634 161 3699 Brra.
183 3633 299 3701 scribit
320 3636 395 3717 lege
416 3633 601 3708 Laetorio,
626 3645 659 3697 ut
682 3632 786 3697 ethic
808 3632 910 3716 volgo
930 3632 1034 3695 editur
1060 3643 1092 3696 et
1113 3633 1202 3698 alibi.
1247 3638 1312 3701 Sed

26 3716 47 3779 ia
59 3729 218 3807 quibusdam
250 3729 337 3796 Mes.
364 3728 482 3815 legitur
504 3729 657 3794 Pletorio
679 3750 712 3790 v.
736 3726 922 3802 Hectoris,
954 3726 984 3788 in
1010 3726 1052 3788 al.
1076 3727 1193 3791 diserte
1214 3731 1312 3793 Plae-

29 3820 94 3913 {ttlu
123 3823 404 3889 Commemoratur
426 3823 603 3888 Plaetoria
630 3842 717 3907 gens
741 3822 864 3885 Romae
888 3832 917 3883 et
943 3818 971 3884 iu
996 3832 1103 3884 necem
1126 3825 1256 3885 nrrrurnis
1280 3835 1312 3886 et

28 3918 268 3992 rumoribus,
292 3930 358 3980 tum
384 3916 599 3992 Gruterianis,
625 3928 689 3978 tum
714 3913 959 3980 Muratoriauis.
1005 3915 1036 3977 Α
1065 3916 1229 3979 Laetoria
1263 3917 1312 3980 ‹ti-

24 4002 195 4091 duretam
225 3997 317 4086 eise,
351 4015 474 4075 abunde
506 4010 583 4074 disci
616 4021 724 4093 potest
754 4030 771 4072 c
798 4008 908 4093 Piguit
930 4009 1122 4073 Annalibus.
1170 4010 1309 4074 Librarii

20 4111 91 4166 ²¹⁸1tfl
108 4129 166 4193 pro
187 4129 247 4175 sna
267 4106 420 4192 sapientia
443 4105 517 4169 buic
539 4107 638 4181 illam,
663 4118 820 4188 tamquam
844 4124 860 4165 a
884 4106 995 4166 iaetus
1018 4102 1209 4177 derivatam,
1235 4110 1310 4169 sub·

16 4195 114 4263 struere
134 4204 299 4269 solebants
329 4205 412 4264 uude
435 4201 514 4263 baec
535 4200 659 4264 nomina
683 4199 815 4263 confusa
841 4198 926 4261 vides
947 4198 977 4260 in
1004 4195 1077 4261 niv.
1102 4198 1149 4261 ll.
1174 4199 1226 4261 27.
1252 4202 1307 4280 (cl.

15 4282 115 4358 Valerio
135 4296 230 4361 Max.
256 4294 320 4359 lX.
344 4316 375 4358 c.
399 4294 428 4360 3.
452 4316 484 4358 n.
509 4295 556 4371 ὁ.)
585 4293 759 4358 XXXIV.
785 4293 844 4364 15,
869 4293 900 4355 5.
923 4291 1005 4353 etin
1030 4294 1124 4355 codd.
1151 4294 1247 4357 Hirtii
1272 4297 1310 4358 de

13 4377 75 4443 bellu
100 4388 251 4454 Africano
280 4412 311 4453 c.
341 4390 395 4454 98.
440 4389 480 4451 10
507 4401 680 4470 propterca
711 4407 781 4449 cum
810 4385 1000 4449 Heindorlio
1027 4388 1066 4448 ad
1097 4388 1176 4448 Nat.
1206 4386 1310 4451 Deor.

13 4470 61 4539 ¹ll·
78 4480 127 4559 30,
147 4486 200 4549 rt.
223 4482 323 4549 secuti
339 4503 446 4547 suiuus
461 4482 599 4544 tabulam
617 4502 762 4556 aeneam,
787 4501 868 4562 quiae
883 4479 915 4542 in
939 4481 1169 4544 Herculanensi
1186 4481 1307 4547 Museo

13 4586 180 4642 nutritur:
212 4578 242 4641 iu
271 4579 361 4644 cuius
386 4598 474 4661 vers.
502 4577 573 4641 112.
596 4579 675 4639 baec
698 4575 956 4659 lex'appellatur
981 4575 1167 4639 Plaetoria.
1216 4574 1309 4639 Nulla

13 4663 175 4749 antiquitatis
199 4672 261 4737 lide
284 4671 396 4736 nititur
422 4670 550 4737 Ernesti
579 4670 708 4761 inind.
733 4671 841 4755 Legg.
865 4690 899 4750 p.
924 4668 976 4730 27.
1013 4669 1156 4733 Subiitzii
1179 4672 1218 4731 ad
1243 4670 1308 4735 Ul.

15 4754 48 4818 lf-
65 4759 103 4829 il·
124 4766 174 4830 30.
196 4778 229 4832 et
249 4765 385 4854 Degeuii
407 4769 446 4837 ad
467 4764 501 4827 h.
525 4764 549 4829 l.
572 4762 700 4846 opinio,
724 4764 818 4833 latam
844 4784 911 4827 csse
931 4784 948 4824 a
971 4762 1023 4827 M.
1042 4765 1197 4828 Laetorio
1216 4765 1312 4827 Plan·
1405 4824 1412 4833 ,

17 4849 87 4919 ‘lm
111 4879 139 4925 t·
166 4882 199 4929 u.
228 4862 302 4933 090.
345 4861 385 4927 lu
406 4858 516 4927 Plauti
545 4859 613 4951 (qui
637 4858 668 4923 in
692 4860 796 4929 Bruto
827 4880 856 4927 c.
881 4857 933 4925 15.
957 4876 986 4919 a.
1009 4879 1041 4925 u·
1066 4857 1140 4925 569.
1165 4868 1315 4921 mortuus
