3490 5586
383 404 389 417 .
466 355 618 423 INDEX
639 355 994 425 FORMULARUM·
1332 357 1396 423 379

68 497 298 566 consilium.
322 533 362 544 -
384 497 431 561 In
455 496 635 563 consilio
657 500 799 561 adesse
821 496 978 578 praetori.
1001 518 1063 580 pro
1081 496 1231 579 Quinctio
1250 500 1287 574 1,
1305 501 1338 563 d.
1357 535 1398 546 -

70 598 113 658 lu
135 592 350 660 consilium
374 601 468 653 eunt
489 590 662 654 iudices.
696 613 757 673 pro
782 590 931 655 Cluentio
955 591 1013 667 20,
1038 594 1091 657 55.
1122 628 1162 639 -
1195 594 1241 657 ln
1271 592 1401 659 consi·

73 690 160 752 lium
181 687 345 750 mittere
367 685 538 749 iudices.
576 706 638 768 pro
662 684 811 751 Cluentio
834 687 894 761 39,
918 686 971 751 83.

154 779 436 846 Constitutum
459 779 613 843 facere.
647 800 711 862 pro
733 776 844 844 Caelio
869 780 928 855 21,
953 781 1006 843 61.
1079 852 1082 861 ,

152 873 333 940 Consuet
345 872 478 937 odinis
500 873 565 937 ius
586 894 655 939 esse
675 884 806 955 putatur
821 874 868 951 id,
895 876 983 956 qnod
998 874 1162 943 voluntate
1178 875 1315 941 omnium
1331 878 1398 943 sine

72 973 141 1053 lege
169 979 312 1032 vetustas
342 967 574 1049 comprobarit.
619 968 657 1033 In
683 989 722 1033 ea
747 980 849 1033 etitem
870 967 942 1031 iura
973 982 1047 1033 sunt
1071 972 1224 1053 quaedam
1247 971 1314 1053 ipsa
1337 974 1397 1035 iam

72 1076 153 1128 certa
174 1076 315 1147 propter
340 1073 539 1127 vetustatem.
586 1061 711 1143 Quoia
736 1052 853 1147 genere
879 1075 910 1127 et
934 1062 993 1128 alia
1016 1065 1208 1128 suntmnlta
1231 1078 1396 1133 eteorum
1529 1076 1533 1087 '

73 1160 165 1223 multo
194 1157 331 1221 maxima
363 1178 455 1236 pars,
491 1177 572 1238 qnae
599 1169 767 1239 praetores
799 1156 925 1220 edicere
955 1168 1164 1221 consuerunt.
1200 1161 1237 1223 de
1260 1160 1335 1227 1111.
1359 1161 1397 1237 2,

73 1254 126 1330 22,
150 1252 204 1315 67.
241 1249 318 1316 cn.
344 1251 430 1315 Ibid.
454 1250 512 1326 54,
539 1251 612 1313 152.

151 1343 539 1411 Consuetudoestin
561 1343 681 1409 bonis
703 1343 925 1427 praedibus
948 1345 1209 1428 praediisque
1231 1350 1400 1413 venden-

73 1442 128 1505 dis
149 1440 292 1505 omnium
313 1438 498 1513 consulum,
519 1459 706 1514 censorum,
724 1450 927 1520 praetorum,
944 1451 1169 1521 quaestorum,
1195 1449 1228 1501 ut
1249 1440 1400 1523 optima

72 1535 315 1600 condicione
336 1534 378 1597 sit
400 1531 455 1608 iis,
481 1532 572 1599 cuia
593 1553 656 1596 res
680 1534 748 1609 sit,
772 1534 899 1596 cuium
921 1534 1161 1615 periculum.
1191 1537 1292 1605 Verr.
1314 1535 1398 1599 Ace.

72 1634 105 1707 1,
129 1629 286 1705 51,112.
1036 1676 1041 1689 ,

152 1723 308 1788 Consul
330 1725 434 1785 alter
456 1723 641 1797 ambove,
674 1719 783 1787 sicis
808 1721 1013 1785 videatur.
1060 1722 1163 1803 Quid,
1193 1744 1264 1789 cum
1288 1726 1399 1788 decre-

72 1818 174 1894 vistis,
206 1829 253 1905 ut¹
279 1816 419 1882 consul
446 1817 554 1879 alter
583 1819 754 1880 ambove
777 1818 821 1877 ad
843 1814 990 1877 bellum
1012 1815 1399 1896 proficiscerentur

73 1926 131 1976 cet.
153 1912 299 1996 Philipp.
325 1912 360 1986 ’7,
383 1911 419 1986 lt,
446 1913 499 1972 11.
544 1909 688 1993 Philipp·
711 1909 751 1983 8,
777 1910 836 1985 11,
861 1910 915 1974 33.
961 1909 1106 1993 Philipp.
1131 1914 1189 1988 14,
1213 1913 1270 1989 11,
1291 1910 1342 1978 st.
1358 1947 1399 1958 -

73 2007 110 2069 11
132 2009 166 2070 S.
188 2005 230 2071 C.
254 2010 385 2072 Graeco
410 2007 495 2087 opud
516 2004 613 2070 Grut.
636 2026 671 2087 p.
697 2004 796 2071 DIII.
827 1995 984 2071 ὕπατοι
1012 1998 1030 2069 ὁ
1060 2007 1204 2094 ἔτερος
1225 2001 1246 2087 ἢ
1268 2002 1400 2096 ἀμφό-

79 2124 180 2187 tapot
200 2098 269 2168 dciv
291 2094 439 2177 αὐτοῖς
460 2102 673 2190 φαίνηται.
1498 2110 1502 2124 ’

158 2192 354 2258 Consules
375 2214 435 2275 per
456 2206 638 2277 praetorem
661 2192 763 2257 creari
785 2215 848 2256 non
873 2204 1020 2273 possunt.
1055 2195 1094 2256 ad
1124 2196 1195 2259 Att.
1226 2195 1264 2269 9,
1297 2195 1332 2272 9,
1365 2197 1399 2260 3.

158 2289 352 2353 Consules
375 2289 568 2370 populum
591 2300 653 2375 cet.
687 2289 725 2351 In
747 2309 799 2350 aes
816 2286 910 2353 incidi
928 2286 1093 2364 iubebitis,
1118 2291 1233 2367 eredo,
1249 2290 1300 2354 illa
1318 2292 1398 2376 legi·

80 2381 167 2447 tima:
197 2382 400 2449 Consules
423 2383 614 2464 populum
637 2382 724 2445 iure
752 2393 1008 2465 rogaverunt
1031 2381 1158 2461 (hocine
1182 2405 1199 2446 a
1224 2384 1398 2448 maioribus

81 2476 245 2559 accepimus
257 2477 307 2539 ius
319 2475 493 2560 rogandi?)
513 2476 770 2558 populusque
794 2474 880 2537 iure
903 2475 1039 2539 scivit.
1063 2478 1204 2560 Philipp.
1221 2480 1256 2552 1,
1273 2480 1329 2552 10,
1344 2480 1398 2545 26.
1528 2502 1533 2513 ·

157 2570 311 2635 Consrrl
334 2583 396 2633 est
418 2592 500 2633 eum
523 2590 671 2633 summo
693 2569 870 2649 imperio
894 2580 933 2631 et
954 2582 1179 2652 potestate.
1239 2593 1303 2637 err.
1320 2576 1398 2636 Act.

82 2664 119 2741 1,
142 2666 197 2741 ts,
220 2668 273 2729 37.
1151 2652 1156 2673 ¹

160 2756 309 2824 Consul
331 2760 457 2821 verba
478 2757 580 2821 lecit
604 2759 649 2820 de
674 2777 713 2819 re
735 2755 902 2839 publice
926 2768 989 2821 cet.
1013 2758 1099 2821 Vide
1123 2760 1289 2823 Senatus
1311 2781 1399 2827 con-

87 2850 196 2914 sulta.
230 2885 270 2899 -
300 2853 417 2934 Quod
445 2853 587 2916 consul
616 2853 742 2917 verba
765 2850 868 2913 fecit
890 2851 935 2914 de
962 2851 1121 2915 litteris
1144 2863 1207 2917 cet.
1253 2853 1397 2936 Philipp.

90 2945 144 3019 to,
168 2946 224 3020 11,
246 2947 297 3011 25.

164 3037 379 3113 Consrrlare
402 3062 541 3125 genna.
587 3037 689 3103 Cedat
710 3036 922 3103 consulari
953 3040 1095 3121 generi
1123 3038 1396 3122 praetorium,

82 3152 137 3195 nec
152 3138 317 3200 contendat
333 3158 403 3199 cum
420 3133 634 3217 praetorio
651 3133 811 3198 nonrine
826 3143 1019 3218 equester
1034 3132 1167 3196 locus.
1183 3153 1245 3215 pro
1263 3134 1398 3199 Plancio

81 3228 117 3303 6,
145 3230 193 3292 15.

156 3321 404 3389 Consulatus
425 3324 584 3387 bonorum
606 3320 719 3404 populi
744 3320 815 3383 finis
837 3332 897 3383 est.
920 3339 983 3403 pro
1006 3319 1139 3386 Plancio
1162 3319 1219 3396 25,
1244 3323 1299 3387 60.

155 3417 387 3483 Consulere
408 3418 613 3499 populum.
657 3415 744 3479 Nihil
767 3417 805 3477 de
827 3415 894 3487 eius
915 3424 1018 3479 morte
1040 3413 1216 3495 populus
1239 3417 1399 3483 consul-

81 3511 377 3597 tusest([ormula
398 3509 539 3573 velitis
561 3506 764 3594 iubentis).
786 3531 848 3591 pro
862 3508 938 3573 Mil.
956 3511 972 3571 7
982 3553 991 3585 ,
1006 3506 1061 3571 16.
1083 3528 1144 3590 pro
1158 3509 1253 3571 domo
1268 3509 1325 3586 20,
1343 3511 1398 3575 53.

156 3604 387 3671 Consulere
409 3624 486 3669 res.
528 3601 613 3671 Vide
635 3602 863 3684 impetrire
884 3624 962 3669 res.

155 3698 307 3764 Contra
338 3719 421 3763 rem
450 3697 658 3782 publicam
684 3696 803 3763 iacere.
846 3695 1056 3761 Marcellinus
1084 3693 1269 3759 sententiam
1295 3696 1395 3772 dixit,

85 3800 116 3850 tt
137 3790 199 3874 ipae
227 3793 348 3859 iudices
377 3804 509 3875 praetor
538 3793 676 3857 urbanus
706 3790 898 3865 sortiretur:
934 3791 988 3873 qui
1016 3787 1129 3854 indicia
1160 3789 1396 3870 impedivisset,

85 3901 316 3953 cumcontra
338 3910 415 3952 rem
438 3886 640 3970 publicam
664 3906 753 3947 esse
774 3885 994 3951 facturum.
1013 3884 1294 3967 adQ.Fr.2,l,
1313 3885 1398 3947 2.-

83 3978 278 4048 Adversus
306 4004 388 4045 rem
418 3980 621 4063 publicam
650 3978 717 4045 sine
742 3979 843 4043 verbo
867 3990 914 4040 est
945 3981 984 4043 ad
1009 3979 1114 4044 Attio.
1139 3983 1175 4055 1,
1201 3979 1259 4055 16,
1285 3978 1335 4041 12.
1357 4013 1399 4023 -

81 4072 150 4136 Alia
170 4078 314 4160 exempla
337 4076 409 4139 vide
430 4075 461 4139 in
484 4085 614 4141 senatus
637 4072 803 4157 consultis.

159 4168 478 4246 Controversia,
503 4181 653 4251 possetne
668 4171 781 4245 berea,
806 4169 894 4251 quod
912 4167 1032 4233 lurtum
1054 4181 1145 4235 autea
1163 4169 1280 4233 lactum
1297 4177 1396 4244 11111,

78 4260 149 4327 furti
170 4278 259 4330 reete
279 4286 390 4349 agere.
419 4266 459 4326 ad
481 4264 574 4329 Fam.
597 4264 714 4339 7,’22.
1410 4254 1416 4265 ’

157 4357 459 4425 Controversia
499 4378 545 4420 ex
575 4357 734 4438 scripto
765 4368 803 4419 et
835 4354 1059 4421 sententia.
1117 4354 1203 4419 Vide
1239 4352 1399 4438 Scripti

78 4455 380 4519 controversia.

158 4546 421 4612 Conturbare
442 4544 475 4609 in
501 4546 616 4617 debitis
639 4544 815 4615 solvendis.
848 4566 910 4627 pro
932 4543 1069 4608 Plancio
1092 4544 1150 4619 28,
1175 4544 1228 4609 68.

156 4639 392 4706 Convenire
419 4640 459 4705 in
480 4662 645 4705 manum.
684 4638 769 4707 Vide
791 4637 1127 4713 Materiamilias.
1167 4635 1395 4721 Codmptio.

160 4734 401 4802 Conventus
423 4735 540 4801 civium
556 4736 775 4808 Romanorum
798 4734 830 4799 in
846 4735 966 4805 Sicilia.
989 4738 1089 4809 Vere.
1109 4734 1191 4806 Ace.
1210 4732 1245 4813 2,
1263 4733 1301 4807 13
1312 4776 1322 4813 ,
1340 4731 1395 4804 32.

81 4825 152 4896 nn
176 4833 217 4913 s,
241 4832 300 4915 as,
325 4832 378 4911 er.
