3328 5576
317 374 360 439 eo
403 371 407 378 ·
441 380 443 389 ·
532 320 537 337 ⁸
905 375 1059 443 iuonx

316 516 451 581 eversio
474 514 646 581 moliendo
667 514 731 589 eit,
749 488 905 581 [etiamst
929 514 1051 579 civitae
1076 525 1223 597 propter
1244 515 1281 579 id
1303 496 1504 583 desummo
1528 546 1650 588 rerum

315 611 514 694 periculum
533 609 694 673 subitura
714 609 773 675 tit.
796 613 855 674 An
868 608 1135 684 cavendumsit,
1159 629 1217 684 ne,
1240 611 1299 695 oui
1315 614 1539 697 tyrannidem
1554 639 1650 681 ever.

183 774 187 783 ,
317 706 376 780 tit,
400 704 473 788 ipse
495 706 669 769 evellatur.
713 706 769 767 An
794 703 999 767 tentandum
1026 702 1092 778 sit,
1127 724 1227 786 opem
1235 702 1348 796 ferre
1364 709 1503 789 patriae
1523 722 1650 797 tyran.

285 810 289 817 '
317 800 396 862 uide
438 818 624 881 oppressae
660 797 770 862 uerbis
806 809 840 861 et
874 798 925 865 rei
954 797 1213 880 opportunitate
1244 799 1381 881 potius,
1416 823 1519 885 quom
1547 805 1648 869 bello.

322 896 447 959 Utrum
470 893 555 956 civis
577 892 658 959 boni
676 893 739 966 tit,
763 892 974 956 secedentem
999 892 1117 976 aliquo
1147 892 1319 976 quiescere
1344 916 1514 978 oppressa
1540 920 1565 961 n
1593 912 1648 986 ty·

316 1007 429 1053 ranno
444 987 583 1069 patrio,
620 1006 665 1047 on
691 986 915 1070 quodcunque
940 986 1157 1063 subeundum
1185 986 1370 1053 discrimen
1391 1011 1458 1071 pro
1476 992 1647 1057 libertate

316 1088 374 1148 An
399 1082 525 1145 beilum
549 1078 776 1170 inferendum
794 1080 949 1164 regioni,
970 1101 1077 1164 saque
1100 1082 1146 1147 u't
1167 1081 1370 1160 obsidenda,
1396 1085 1428 1147 si
1449 1105 1472 1145 ιι
1492 1099 1648 1172 tyranno

316 1172 547 1260 opprimatur.
592 1176 650 1239 An
667 1174 775 1237 etiam
795 1174 845 1251 is,
870 1174 930 1258 qui
952 1195 1022 1237 non
1040 1175 1182 1257 probet,
1206 1188 1245 1239 ut
1266 1176 1353 1240 bello
1375 1179 1539 1263 tyrannio
1552 1204 1647 1245 ever·

195 1278 198 1283 ’
314 1272 442 1343 tatur,
462 1266 578 1333 tumen
597 1289 722 1333 nomen
743 1289 848 1335 tuum
868 1267 1042 1361 profiteri
1069 1290 1149 1333 eum
1160 1267 1383 1362 fortissimis
1406 1271 1491 1335 viris
1510 1273 1647 1338 debeat.

316 1370 372 1432 An
388 1386 466 1431 eum
483 1363 716 1427 benemeritis
733 1374 768 1425 et
789 1362 908 1427 amieis
925 1380 997 1427 una
1015 1363 1193 1429 etrbenndn
1208 1364 1452 1447 sintpericuita
1472 1366 1508 1428 in
1525 1367 1644 1443 rebus,

315 1479 404 1547 quoe
421 1459 596 1542 pertinent
612 1456 660 1519 nd
681 1478 756 1523 rem
775 1456 960 1539 pubiicum,
978 1456 1129 1525 etiamsi
1143 1457 1196 1523 ilii
1217 1459 1332 1522 minus
1349 1459 1494 1525 rentede
1508 1479 1646 1527 surnmn

237 1567 239 1571 ’
316 1575 435 1619 rerum
455 1550 670 1619 consuluisse
697 1551 892 1617 videantur.
944 1554 1071 1615 Utrum
1095 1552 1137 1617 de
1156 1553 1278 1635 patrio
1303 1554 1386 1618 bene
1408 1556 1574 1631 meritus,
1613 1559 1647 1623 ol

315 1671 458 1735 eumque
480 1668 623 1711 coucam
649 1646 869 1729 gravissima·
887 1668 1041 1730 quaeque
1068 1667 1194 1729 possus
1218 1658 1253 1709 et
1281 1647 1413 1713 invidio
1436 1671 1645 1732 oppressus,

316 1748 410 1810 uitro
427 1763 496 1826 pro
517 1740 638 1825 putria
660 1738 844 1806 diecrimen
870 1739 988 1803 subire
1007 1739 1147 1803 debente
1182 1760 1228 1801 nn
1245 1741 1516 1822 permittendum
1536 1744 1592 1822 ei,
1616 1758 1647 1809 ut

316 1838 374 1903 sui
394 1836 506 1920 ipsius
533 1834 708 1899 interdum
729 1845 762 1899 et
793 1833 1056 1898 carissimorum
1094 1834 1273 1899 bominum
1301 1834 1474 1901 rationem
1502 1840 1645 1915 babent,

317 1933 471 1996 diutissis
495 1931 662 1997 adversus
680 1926 838 2011 potentes
853 1928 1166 2001 concertationibus
1183 1950 1252 2012 pro
1275 1951 1313 1992 re
1330 1930 1489 2012 publico..
1510 1934 1551 1997 nd
1577 1937 1645 2001 Att.

316 2029 382 2092 IX.
406 2029 446 2102 t,
470 2027 501 2088 2.
554 2025 634 2087 Sunt
661 2030 770 2098 θέσεις
799 2021 882 2101 (vid.
913 2021 946 2085 in
976 2022 1009 2085 h.
1041 2026 1110 2100 ιη),
1140 2021 1172 2085 in
1202 2023 1316 2105 quibus
1344 2024 1516 2095 tractandis
1549 2028 1647 2093 otium

315 2121 522 2187 consumebat
536 2116 672 2192 Cicero,
699 2129 733 2178 ut
749 2114 886 2178 aninlmn
897 2136 1071 2198 parumper
1086 2118 1125 2179 ab
1141 2116 1340 2198 aegritudine
1352 2121 1537 2185 abduceret.
1561 2122 1645 2187 Eun.

401 2219 527 2302 Εἶραν,
557 2211 761 2282 simulator,
789 2209 1050 2273 dissimulator:
1081 2209 1124 2272 its
1152 2211 1253 2275 dictus
1279 2214 1450 2290 Socrates,
1484 2216 1575 2298 quod
1601 2238 1646 2279 re·

316 2313 574 2395 darguendorum
606 2305 828 2386 sophistarum
857 2324 952 2368 causa
980 2304 1166 2380 simulabat,
1199 2326 1233 2367 se
1255 2306 1358 2371 αωιιὶε
1382 2307 1523 2384 nescire,
1553 2309 1645 2374 etiam

315 2427 388 2469 cons
412 2416 500 2467 recte
519 2400 629 2465 sciret.
681 2398 732 2462 De
755 2401 858 2462 verbo
883 2408 1032 2486 εἰρωνείᾳ
1055 2399 1121 2465 vid.
1145 2400 1363 2481 Theophrast.
1386 2400 1489 2467 Char.
1512 2425 1544 2466 c.
1568 2404 1596 2469 1.
1619 2418 1645 2468 ct

314 2500 360 2569 ibi
381 2503 400 2567 ὁ
425 2497 510 2565 πάνυ
532 2493 756 2561 Casatlbonus.
784 2494 867 2557 Enu.
920 2494 996 2569 ,De
1020 2491 1154 2559 Graecis
1176 2506 1280 2559 asuesn
1308 2495 1431 2563 dulcem
1451 2507 1484 2559 et
1507 2498 1645 2562 facetum

314 2593 487 2676 festivique
509 2588 666 2653 sermonis
693 2600 790 2672 atque
808 2586 841 2650 in
863 2588 951 2655 omni
978 2588 1123 2652 oratione
1144 2585 1380 2667 simulatorem,
1410 2612 1504 2674 quem
1528 2597 1645 2680 εἴρωνα

216 2718 223 2749 ι
316 2687 434 2755 Graeci
457 2684 678 2756 nominarunt,
703 2683 870 2746 Socratem
895 2679 1119 2762 accepimus.’'
1164 2682 1204 2743 de
1228 2680 1332 2745 Oiiic.
1356 2683 1387 2746 Ι.
1410 2684 1470 2762 30,
1506 2689 1583 2752 108.
1605 2719 1644 2730 -

320 2839 335 2870 ‚‚
350 2786 389 2847 lu
410 2783 619 2862 bongeuece
642 2775 782 2840 Fannius
804 2776 837 2839 in
859 2775 1024 2841 annalibus
1046 2774 1111 2837 suis
1135 2772 1322 2837 Africanum
1337 2777 1420 2841 bunc
1434 2779 1645 2845 Aemilianum

315 2876 392 2945 dicit
416 2873 534 2947 fuisse,
570 2882 601 2934 et
623 2891 692 2934 euin
722 2871 851 2933 Graeco
878 2869 982 2932 verbo
1011 2866 1153 2949 appellnt
1172 2872 1316 2951 εἴρωναι
1347 2874 1420 2947 sed,
1452 2873 1497 2935 nti
1518 2873 1646 2949 ferunt,

316 2972 372 3059 qui
393 2965 504 3033 melius
526 2967 605 3029 baec
626 2975 765 3040 norunt,
789 2964 953 3026 Socratem
977 2960 1096 3043 opinor
1111 2961 1142 3024 in
1162 2964 1224 3024 bsc
1238 2962 1339 3029 ironia
1354 2964 1649 3054 dissimulantiaque

314 3068 414 3148 longe
443 3062 558 3143 lepore
590 3070 621 3121 et
648 3056 843 3123 humanitate
875 3050 1023 3121 nubibus
1049 3054 1291 3136 praestitisse.''
1342 3060 1381 3122 de
1412 3060 1473 3127 Oc·
1500 3061 1549 3125 11.
1581 3060 1649 3138 67,

315 3163 391 3229 270.
419 3193 462 3206 -
494 3156 648 3237 .„Quare
677 3158 796 3240 εἴρωνα
816 3173 886 3227 me,
916 3148 1006 3217 nesi
1034 3147 1210 3213 Africanus
1231 3143 1358 3235 quidem
1380 3152 1463 3231 luit,
1487 3165 1521 3218 nt
1545 3154 1592 3223 ait
1613 3155 1651 3223 in

314 3251 448 3321 historia
467 3270 525 3315 sua
548 3246 590 3315 C.
614 3248 773 3323 Fannius,
797 3244 972 3309 existimari
995 3243 1131 3309 velim.''
1174 3245 1267 3312 Brut.
1288 3246 1348 3323 87,
1373 3248 1449 3313 299.

400 3350 582 3432 Εἰρωνείαι
616 3340 750 3416 ironia,
781 3338 1028 3414 dissimulatio,
1058 3337 1243 3403 cavillatio·
1297 3341 1476 3414 „Attamen
1500 3353 1549 3405 est
1583 3341 1650 3408 isto

314 3444 390 3508 loco
418 3441 521 3516 belle,
552 3451 588 3501 ut
612 3436 690 3501 mihi
717 3436 861 3511 videtur,
889 3444 1055 3521 εἰρωνεία,
1087 3435 1174 3515 quod
1196 3454 1268 3498 eum
1289 3443 1476 3501 ter‘contra
1499 3437 1591 3501 cives
1619 3439 1647 3500 in

315 3533 423 3609 acie.'’
468 3537 509 3598 ad
528 3534 602 3599 Au.
624 3529 725 3595 XVI.
751 3531 813 3604 11,
845 3529 935 3591 2.-
985 3531 1137 3593 Socrates
1167 3549 1266 3610 „cuns
1293 3530 1382 3593 aliud
1402 3528 1522 3592 diceret
1552 3544 1648 3615 atque

314 3640 464 3704 sentiret,
489 3627 628 3691 libenter
647 3624 695 3699 uti
712 3623 826 3689 solitus
844 3635 892 3687 est
914 3643 949 3684 ea
976 3620 1248 3698 dissimulatione,
1284 3644 1379 3707 qnam
1409 3621 1527 3689 Gracci
1553 3633 1653 3713 εἰρω-

315 3736 406 3799 νείαν
432 3719 586 3787 vocant.”
631 3719 735 3782 Acad.
759 3717 808 3781 ll·
832 3717 868 3793 5,
894 3718 947 3780 15.

386 3815 663 3903 ΙΚίριιιιιειὶιαθιαι,
686 3812 925 3887 dusouutnre,
951 3809 1212 3877 dissimulanter
1225 3810 1333 3896 lopri.
1378 3813 1451 3894 „Et
1473 3830 1538 3899 ego
1555 3812 1652 3897 ipse,

315 3934 408 3999 quem
441 3925 474 3979 tu
501 3929 561 3993 per
586 3906 694 3975 iocum
720 3941 762 3967 -r
790 3904 838 3971 sie
862 3904 945 3969 enim
973 3905 1098 3989 smipio
1127 3940 1168 3954 -
1197 3905 1324 3971 divitias
1349 3907 1506 3971 orationis
1527 3909 1655 3975 babere

314 4006 410 4084 dicis,
433 4024 568 4071 menon
595 4023 666 4067 esse
691 4003 864 4066 verborum
886 4002 1055 4065 admodum
1073 4001 1201 4083 inopem
1223 4021 1389 4085 agnoscor
1412 4002 1657 4084 εἰρωνεύεσθαι

315 4103 398 4171 enim
425 4122 488 4165 non
515 4118 646 4165 necesse
667 4109 735 4161 est:
768 4098 823 4160 sed
845 4108 949 4159 tamen
974 4096 1055 4161 idem
1084 4131 1126 4142 -
1153 4116 1213 4159 nec
1238 4096 1587 4186 Ιιοοείαωνειιόμενας
1616 4135 1657 4148 -

253 4190 256 4193 ’
315 4197 411 4267 facile
447 4197 527 4259 cedo
564 4206 694 4261 tuorum
720 4191 920 4274 ¹scriptorum
957 4188 1124 4255 subtilitati
1155 4200 1189 4253 et
1220 4189 1433 4275 elegantiae-'¹
1476 4192 1516 4259 ad
1548 4193 1657 4263 Fam.

314 4291 380 4355 IV.
406 4290 442 4364 1,
472 4291 505 4352 1.

399 4387 459 4459 Εἰς
482 4384 690 4456 ἀποθέωσιν,
712 4378 760 4442 nd
783 4377 1088 4443 consecrationem.
1131 4377 1262 4453 ,Multa
1287 4377 1363 4451 mibi
1387 4388 1432 4455 εἰς
1454 4381 1657 4457 deotemus«

313 4477 346 4542 in
372 4487 508 4541 mentem
532 4470 700 4539 renitmt.'’
745 4473 786 4534 sd
809 4474 882 4537 Ast.
905 4472 995 4535 xl1.·
1009 4472 1071 4547 tt,
1095 4473 1128 4534 1.
1372 4522 1375 4527 .

399 4568 459 4647 Εἷς
478 4580 554 4654 tpol
568 4569 704 4657 μύριοι,
727 4587 820 4631 unus
841 4565 926 4629 mibi
941 4565 1057 4629 decem
1075 4566 1189 4645 milio,
1212 4582 1303 4635 unus
1322 4568 1408 4635 mibi
1424 4567 1541 4637 instar
1558 4578 1657 4645 unet,

205 4632 207 4635 ι
314 4679 432 4735 torum
452 4664 599 4728 milium.
644 4666 683 4727 ad
704 4663 777 4741 Att.
800 4660 900 4729 XVl.
926 4663 987 4736 11,
1013 4662 1044 4727 1.

310 4818 313 4825 .
398 4758 458 4838 Εἷς
485 4760 600 4836 οἰωνὸς
630 4758 782 4850 ἄριστος,
811 4757 1000 4843 ἀμύνεσθαι
1029 4767 1104 4845 περὶ
1136 4758 1275 4848 πάτρας,
1312 4781 1421 4829 unum
1450 4766 1657 4845 angurium
