3328 5576
1142 308 1146 345 l

325 388 366 452 52
392 388 396 403 '
908 390 1058 456 INDEX

325 528 426 592 solum
455 551 540 604 esse,
571 532 659 615 quod
680 551 807 614 semper
829 531 891 595 tale
917 531 975 610 sit,
1001 530 1095 617 quale
1117 525 1210 598 ἰδέαν1
1229 530 1367 613 appellat
1387 530 1459 608 elle,
1487 553 1542 597 nos
1559 554 1617 617 epe
1642 514 1643 537 ³

323 623 449 686 ciem.''
494 627 596 689 Tusc.
623 625 648 690 l.
670 625 728 700 et,
755 626 808 689 58.
849 629 971 703 ’ideam
983 625 1154 718 formae,
1182 627 1329 711 speeies,
1353 647 1441 712 quae
1460 628 1615 711 generibus

322 717 561 782 subiiciuutur.
607 720 694 803 Tnp.
718 723 754 798 7,
778 721 832 784 30.
849 721 905 784 ubi
927 742 1011 785 nunc
1030 721 1148 785 rectius
1171 721 1291 808 legitur
1310 726 1390 799 εἴδη.

254 882 257 889 .
402 814 526 889 Ἴλιός,
557 814 655 880 ilias.
696 817 802 892 Ἰλιὰς
830 820 958 894 κακῶν,
986 817 1072 882 Ilias
1095 820 1267 881 malorum
1287 813 1501 900 proverbialis
1522 826 1563 877 est
1581 814 1616 876 Ιο-

321 906 408 971 cutio
426 911 465 971 de
487 909 586 994 longa
607 909 690 974 serie
712 914 883 975 malorum.
930 913 1062 987 ,Tanta
1082 911 1238 976 malorum
1261 909 1421 994 impendet
1439 909 1571 986 ‘ttaee”
1590 911 1616 970 al

321 1003 392 1066 Att.
416 1003 520 1067 Vlll.
545 1006 597 1080 11,
621 1005 654 1068 3.
851 1010 856 1017 ’

401 1099 508 1175 Ἰλιὰς
529 1099 658 1186 κόρδοο.
703 1102 742 1162 ad
765 1103 836 1165 Au.
860 1101 964 1165 Xlll.
987 1101 1047 1177 di,
1071 1101 1104 1164 3.
1148 1100 1264 1163 Lectio
1286 1111 1336 1164 est
1357 1109 1511 1181 corrupta
1528 1084 1643 1163 ¹editio-¹

318 1188 366 1251 nia
390 1191 615 1258 Gruterianae.
639 1194 819 1259 Graeviana
841 1196 938 1261 habet
958 1194 1058 1260 nihilo
1081 1193 1264 1257 meliorem:
1287 1198 1367 1279 μιᾶς
1391 1194 1524 1281 κάρδον.
1549 1192 1617 1272 Qun

318 1282 512 1368 interpretes
535 1287 662 1366 dixere,
686 1288 789 1352 inania
819 1289 922 1355 omnia
948 1302 1033 1354 sunt.
1077 1290 1137 1355 Fr.
1162 1289 1284 1354 Odinus
1310 1291 1395 1371 apud
1421 1288 1575 1353 olivetum
1592 1285 1618 1346 al

317 1377 354 1439 h.
377 1379 399 1444 l.
421 1380 633 1446 coniiciebat:
673 1384 824 1465 „Eaturr
853 1388 932 1469 μιᾶς
964 1389 1052 1451 ὁδοῦ.
1107 1383 1294 1449 Videbimus
1318 1395 1350 1446 te
1373 1382 1514 1466 igitur.''
1553 1382 1616 1444 Eur.

320 1473 463 1539 Orellius
477 1476 598 1559 recepit
613 1477 644 1541 l.
667 1479 708 1543 F.
734 1478 896 1544 Gronovii
917 1480 1131 1544 coniecturam
1153 1483 1305 1564 Μιασμα
1324 1477 1438 1568 δρυός,
1455 1479 1541 1562 quod
1554 1474 1618 1538 uide.

398 1573 685 1657 Ἴσοὸυναμοῦσα,
719 1573 811 1638 idem
831 1577 964 1651 nolens,
995 1573 1151 1639 eiusdem
1169 1574 1371 1658 potestatis,
1396 1572 1641 1657 aequipotens

318 1667 424 1752 „Ego
458 1678 563 1731 tamen
600 1670 705 1733 habeo
735 1670 996 1754 (exceptionem)
1029 1675 1314 1753 duodenenarium,
1345 1671 1404 1733 sed
1436 1661 1618 1731 tectiorem-'¹

317 1761 357 1823 ad
378 1762 451 1828 Au.
475 1763 542 1827 Vl.
566 1766 604 1840 1,
631 1764 680 1828 15.

398 1859 589 1942 Ἴοονομια,
614 1859 804 1943 aequabilis
825 1859 990 1935 tributio,
1014 1859 1264 1945 aequilibritas.
1312 1860 1472 1939 „summ
1496 1873 1570 1917 vero
1588 1847 1643 1935 titt

315 1949 478 2015 infinitatis
508 1964 540 2015 et
561 1960 675 2037 magua
697 1974 735 2015 ac
756 1952 899 2038 diligenti
920 1953 1190 2038 contemplatione
1214 1951 1399 2041 dignissima
1422 1944 1495 2024 eat}
1526 1947 1557 2010 in
1578 1946 1643 2026 qul

274 2058 277 2065 ’
315 2042 450 2129 intelligi
478 2066 608 2109 neeesse
630 2057 679 2109 est
700 2067 768 2109 eam
791 2067 860 2109 esse
883 2059 1046 2122 naturam,
1080 2060 1116 2111 ut
1137 2046 1242 2111 omnia
1266 2046 1414 2111 omnibus
1437 2043 1566 2128 paribus
1583 2056 1618 2120 pt

314 2137 363 2201 rin
384 2143 612 2221 respondeant.
656 2142 754 2204 Hane
775 2150 950 2226 ἰσονομίαν
970 2141 1109 2225 appetat
1130 2142 1310 2223 Epicurus,
1342 2141 1376 2203 id
1401 2150 1473 2212 est,
1498 2130 1619 2220 aequabi-

314 2232 376 2297 lem
407 2233 659 2313 tributionemss(
701 2237 739 2297 de
768 2238 846 2299 Nat.
875 2237 980 2301 Deor.
1005 2235 1035 2299 I.
1060 2237 1118 2313 19,
1150 2237 1203 2299 50.
1226 2270 1267 2281 —-
1318 2232 1515 2319 „Coniugis
1535 2231 1623 2295 adar

315 2328 544 2414 quilibritatcm
567 2328 634 2409 (sic
655 2328 738 2394 enim
761 2339 949 2415 ἰσονομίαν,
978 2330 1004 2393 si
1025 2330 1148 2414 placet,
1173 2330 1389 2413 appellemus)
1414 2340 1449 2391 et
1471 2328 1534 2404 ais,
1562 2342 1621 2406 qne

314 2423 397 2488 niam
426 2425 468 2488 ait
489 2436 601 2488 natura
625 2424 787 2500 mortalis,
818 2426 1026 2489 immortalem
1051 2424 1143 2488 etiam
1166 2444 1235 2488 esse
1258 2427 1459 2506 oportere.”
1507 2424 1544 2485 de
1565 2419 1622 2483 un.

313 2519 419 2583 Deor.
442 2520 474 2583 I.
497 2518 551 2595 39,
577 2518 650 2597 109.
672 2548 714 2563 ·-·
729 2519 791 2582 Est
812 2520 1004 2584 vocabulum
1029 2519 1245 2601 Epicureum,
1270 2537 1335 2601 qno
1357 2518 1551 2588 utebantur,
1572 2528 1622 2574 eun

313 2616 397 2678 hanc
417 2635 487 2678 esse
509 2634 617 2677 rerum
640 2624 783 2676 naturam
805 2612 1024 2698 rationemque
1046 2614 1209 2688 dicerent,
1234 2624 1269 2674 ut
1283 2609 1392 2675 omnia
1418 2609 1565 2675 omnibus
1583 2624 1625 2688 pr·

312 2710 402 2773 ribus
430 2708 520 2790 paria
548 2709 802 2790 responderent,
834 2708 899 2772 hoc
921 2720 987 2783 est,
1018 2719 1053 2771 ut
1075 2706 1108 2769 in
1130 2705 1263 2788 paribus
1284 2705 1382 2768 rebus
1406 2726 1472 2787 par
1502 2713 1580 2768 esset
1601 2720 1624 2758 v·

314 2823 345 2866 e.
376 2801 545 2866 multitudo
574 2814 606 2865 et
634 2801 741 2883 eopia.
793 2802 847 2864 Sic
874 2823 944 2865 cum
968 2803 1148 2865 mortalium
1171 2810 1257 2865 tanta
1281 2797 1458 2861 multitudo
1483 2789 1542 2868 sit,
1574 2801 1626 2850 0³⁶²

312 2897 535 2961 immortalium
559 2915 623 2961 uon
646 2895 822 2971 minorem,
846 2907 969 2958 etcum
993 2897 1187 2961 intereuntes
1208 2915 1261 2962 res
1282 2890 1540 2956 innumerabiles
1566 2881 1626 2950 sint»

314 2991 406 3055 etiam
428 3012 500 3067 eas,
526 3011 606 3073 quse
630 3002 919 3066 conservarentur,
943 2989 1081 3054 infinitas
1103 3014 1172 3055 esse
1195 2994 1328 3055 debere.
1370 2988 1466 3050 Eure.

362 3126 366 3135 .
394 3075 575 3173 Ἱστορικά,
583 3076 769 3139 rebusvere
778 3075 964 3139 narrandis
972 3072 1436 3154 accommodatmhistorica.
1447 3071 1625 3150 ..Nouem

313 3182 476 3267 μιαοτικοί
497 3191 570 3244 sunt
592 3174 689 3257 haec,
715 3181 771 3242 sed
786 3179 938 3265 ἱστορικά
945 3223 954 3255 ,
980 3201 1060 3262 quae
1077 3176 1300 3264 scripsimus.’'
1323 3178 1362 3239 ad
1378 3177 1460 3240 Ate.
1477 3176 1512 3239 l.
1527 3173 1576 3245 19,
1591 3167 1628 3229 1⁰·

395 3275 601 3363 Ἴοτορικόν,
635 3273 729 3359 quod
748 3272 796 3336 ed
816 3273 999 3337 historiam
1023 3275 1190 3358 pertinet,
1222 3274 1447 3339 historicum.
1503 3271 1557 3345 ,Ε
1576 3263 1626 3350 qni·

226 3422 229 3437 .
313 3370 646 3452 renunciaturum
669 3368 836 3457 ἱστορικὸν
857 3367 995 3452 requiris
1018 3372 1056 3432 de
1079 3368 1142 3435 Cn.
1167 3369 1282 3432 Flavio
1306 3370 1391 3434 Auci
1416 3369 1477 3435 f.'’
1517 3369 1556 3432 ad
1573 3368 1629 3428 un.

285 3512 286 3521 ,
314 3467 380 3530 Vl.
404 3469 441 3542 1,
465 3465 499 3527 8.

396 3550 686 3647 Ἵστορικότατος,
725 3555 951 3645 historiarum
983 3557 1232 3641 peritissimus.
1290 3604 1305 3632 ,‚
1313 3555 1548 3627 Dicaearchus
1576 3555 1634 3612 etti

315 3651 607 3743 ἱστορικῶτατος.”
650 3654 691 3715 ad
711 3652 783 3716 Au.
805 3651 871 3714 Vl.
896 3652 935 3725 2,
960 3652 992 3714 3.

314 3760 319 3771 ’
395 3754 516 3826 Ἰτέον,
537 3746 699 3811 eundum.
744 3747 784 3808 ad
805 3745 879 3809 Att.
903 3746 1006 3809 XIV.
1030 3747 1099 3833 00,
1115 3747 1148 3811 2.

219 3874 227 3895 ¹
399 3844 519 3929 ΓΙογξ,
554 3841 730 3917 illecebra,
764 3839 993 3916 desiderium,
1026 3840 1183 3923 pellacia.
1241 3845 1280 3907 ad
1310 3846 1383 3909 Att.
1420 3848 1513 3918 Vll,
1546 3852 1582 3930 8,
1611 3848 1635 3907 t.

315 3939 399 4005 Vide
421 3959 481 4005 nos
503 3939 543 4002 ad
563 3937 719 4021 Xenoph.
742 3934 929 4000 Memorab.
951 3957 987 4018 p.
1011 3938 1085 4000 157.
1108 3937 1212 4018 Eum]

949 4122 1006 4205 K.

395 4318 573 4394 Kadiston,
600 4310 780 4404 officinm.
805 4310 932 4393 „Quod
953 4313 991 4376 de
1013 4311 1221 4394 inscriptione
1245 4314 1389 4398 quaeris,
1418 4340 1494 4386 non
1519 4324 1643 4388 dubito.

226 4432 229 4445 ·
313 4409 388 4495 quin
418 4413 564 4488 καθῆκον
592 4405 760 4499 officium
782 4403 841 4481 sit,
872 4404 930 4469 nisi
952 4406 1029 4489 quid
1051 4417 1086 4469 tu
1112 4407 1244 4471 eliud.”
1290 4411 1328 4471 nd
1349 4412 1430 4477 Att.
1457 4417 1570 4482 XVI.
1594 4420 1643 4488 tt,

312 4506 345 4567 1.
368 4535 409 4557 -v-
454 4500 564 4586 „Mihi
587 4522 651 4564 nou
674 4511 721 4563 est
743 4499 888 4573 dubium,
925 4501 1020 4585 quin,
1055 4503 1143 4584 quod
1164 4501 1282 4573 Graeci
1302 4508 1482 4589 καθῆκον,
1510 4524 1576 4577 „03
1597 4506 1643 4595 ⁰f‘

269 4625 273 4631 ’
302 4595 445 4675 ficium.
489 4599 528 4659 ad
549 4596 622 4660 Art.
644 4594 745 4658 XVI.
771 4594 827 4670 14,
859 4593 888 4660 3.
910 4625 952 4637 -
995 4595 1160 4676 „Primum
1188 4606 1237 4659 est
1269 4597 1416 4661 officium
1443 4640 1491 4652 -
1516 4607 1551 4671 id
1573 4606 1643 4671 enim

309 4692 438 4774 appello
460 4694 606 4770 ηθῆκον
627 4723 663 4735 -
690 4700 728 4751 ut
746 4704 781 4751 se
802 4699 974 4750 conservet
994 4689 1027 4751 in
1049 4700 1180 4754 naturae
1207 4691 1335 4756 statu.”
1379 4695 1427 4758 de
1452 4700 1563 4766 Finn,
1589 4698 1643 4765 1111

308 4787 347 4863 6,
372 4787 424 4850 20.
450 4819 490 4837 σ-
531 4786 602 4861 „Et
622 4780 756 4848 medium
779 4782 937 4866 quoddam
960 4781 1102 4848 officium
1125 4784 1240 4850 dicitur
1262 4796 1296 4849 et
1315 4780 1532 4869 perlectum.
1574 4798 1643 4862 Per
