3214 5586
481 395 632 461 INDEX
652 394 834 463 DEGUM.
1259 394 1320 461 991

64 535 180 606 Min.
199 558 256 621 pro
278 538 385 604 Plauc.
409 538 462 602 15.
505 538 598 602 Abcr
626 558 738 600 werin
768 538 833 601 uud
855 558 930 601 suu
958 559 1053 602 wem
1076 537 1177 602 dieses
1201 536 1322 603 Genetz

65 635 158 715 gignier
174 635 296 708 wrrrde,
318 632 376 709 ist,
399 630 463 695 wie
478 633 535 695 der
548 631 739 716 cigentliche
761 632 899 700 luhalt
919 632 1103 707 desselben,
1127 628 1345 705 unbekannt.⁴

66 727 222 793 Gmbbulicb
236 727 340 790 nimmt
355 747 424 789 man
440 746 499 801 au,
524 746 557 788 cs
576 726 624 789 sei
643 726 684 789 im
704 726 805 790 Jabre
829 726 891 793 698
912 728 1001 807 (699)
1022 739 1117 792 uuter
1139 730 1210 789 dem
1235 726 1323 792 Com

60 823 109 882 sllat
130 823 174 883 les
202 820 339 885 Licinius
367 818 506 902 Crassus
532 822 595 882 und
628 818 690 883 Cn.
722 820 897 902 Pompeius
923 821 1068 904 gegeben
1096 824 1235 889 worden
1264 819 1323 898 (el.
1374 822 1381 840 ’

59 914 139 978 Ernesti
157 916 246 978 ludex
267 916 379 998 lcgum
391 915 423 977 iu
437 913 550 979 ὉΙιιι..
570 912 679 991 Cim),
701 915 778 977 aber
800 914 852 978 ich
875 916 958 979 habc
976 915 1029 977 sur
1048 915 1135 978 diese
1159 916 1325 979 Anuabme

57 1007 156 1090 lisptzt
175 1009 279 1072 beiuen
302 1009 432 1072 Beweis
455 1007 650 1093 gcluudeu.''
695 1010 809 1094 Neque
841 1029 916 1071 saue
948 1008 1116 1073 Ernestius
1146 1009 1240 1071 ullam
1270 1009 1326 1070 sd·

52 1103 94 1166 ult
108 1101 260 1191 rationem,
284 1125 345 1188 qua
369 1114 536 1167 conmotus
558 1103 664 1186 legem
687 1102 772 1166 illum
794 1124 813 1167 a
836 1104 890 1177 M.
911 1103 1039 1168 Licinio
1060 1103 1186 1169 Crasso
1209 1101 1323 1165 iterum
1423 1174 1450 1191 -.

49 1197 140 1259 cosule
157 1198 302 1279 perlatam
327 1197 460 1280 putarit.
505 1196 717 1261 Nihilominus
746 1218 822 1260 vera
849 1197 967 1260 dixisse
991 1196 1191 1272 Ernestium,
1214 1195 1336 1278 paucis>

45 1289 124 1354 duceri
138 1302 245 1373 potest.
289 1290 409 1356 Scribit
433 1290 552 1356 Cicero
576 1289 618 1356 C.
641 1291 723 1357 XX.
747 1294 778 1366 §.
803 1292 879 1356 uo:
904 1312 992 1376 pune
1013 1291 1152 1356 comitia
1171 1290 1326 1373 primum

43 1385 130 1447 lubere
147 1385 248 1468 coepit
270 1389 392 1449 consul
412 1407 491 1448 cum
511 1385 669 1449 omuibus
690 1386 727 1449 ἰιι
749 1387 850 1451 rebus
872 1407 1009 1451 summa
1027 1386 1235 1450 auctoritate
1251 1395 1326 1447 tum

43 1480 132 1541 lomus
156 1480 306 1563 r'psmum
333 1482 451 1565 legum
477 1479 627 1542 ambitus
648 1491 784 1544 auctor.
830 1478 912 1545 Cum
941 1481 972 1542 iu
1002 1479 1258 1544 antecedentibus
1287 1480 1326 1541 rle

42 1572 101 1634 uilla
118 1572 166 1636 uisi
189 1577 224 1637 de
246 1574 371 1639 Licinia
399 1575 469 1658 lege
489 1573 661 1657 loquatur,
686 1573 932 1647 manifestumst,
957 1572 1063 1637 verbis
1086 1576 1211 1637 barum
1234 1573 1328 1657 ipsu-

40 1686 96 1728 rum
115 1668 216 1750 legum
243 1669 344 1751 ipsam
376 1667 459 1730 illam
486 1668 589 1751 legem
616 1666 772 1731 Liciniam
795 1667 1004 1749 potissumum
1027 1666 1215 1752 significari.
1259 1665 1326 1730 Iam

41 1778 90 1819 cum
106 1782 189 1843 snpra
209 1761 288 1825 Lib.
312 1761 379 1827 Ill.
406 1759 447 1824 C.
469 1759 500 1826 I.
524 1767 555 1837 ὁ.
576 1761 608 1824 9.
633 1761 886 1825 evidentissrrmis
908 1762 1101 1847 argumentis
1117 1759 1330 1843 conprobaui-

39 1872 102 1928 ιιιι,
120 1857 248 1921 consulis
275 1854 419 1955 nomine,
444 1854 498 1940 qui
520 1855 646 1920 comitia
674 1855 727 1919 illa
752 1858 871 1919 habere
898 1855 1049 1939 coepisse
1069 1854 1209 1931 dicatur,
1226 1852 1327 1917 alium

19 1947 139 2013 unilt.
153 1950 309 2014 Licinium
333 1949 485 2016 Crassum
509 1948 624 2013 iterum
648 1952 809 2014 consulem
825 1949 1035 2034 significatum
1052 1970 1121 2014 csse
1139 1969 1204 2013 non
1218 1968 1326 2030 posse,

20 2041 113 2106 ῑιιΙΙιι
129 2043 316 2131 relinquitur
338 2043 500 2107 dubitandi
524 2044 634 2119 locus,
659 2044 734 2128 quin
756 2043 809 2125 lex
831 2044 975 2120 Licinia,
1000 2066 1080 2153 quae
1097 2042 1158 2107 luit
1180 2044 1330 2106 desuda

41 2130 107 2213 lus,
125 2141 209 2203 aM.
231 2137 365 2203 Licinio
389 2138 436 2200 ll.
460 2137 593 2201 coustile
615 2158 666 2201 au.
689 2138 765 2202 699.
790 2138 892 2223 [699]
917 2140 979 2202 lata
1002 2136 1056 2202 sit.

42 2229 205 2387 inprime,
210 2235 322 2410 ¹puori
342 2253 439 2315 supra
461 2230 649 2310 adtulimus,
675 2233 873 2296 scholiastae
896 2232 1066 2299 Bobieusis
1088 2230 1330 2298 disertissimum

115 2347 210 2390 omum

98 2417 231 2485 Ceterrrm
261 2443 306 2485 ex
336 2420 499 2484 veteribus
528 2419 740 2502 scriptoribus
774 2421 862 2484 solus
891 2420 1018 2484 videtur
1043 2419 1109 2483 Dio
1136 2417 1268 2485 Cassius
1290 2421 1329 2483 de
1381 2484 1383 2487 .

43 2508 141 2576 latrillr
168 2516 239 2600 lege
270 2513 451 2589 monuisse,
482 2513 537 2599 qui
558 2516 635 2577 Lib.
659 2512 829 2578 XXXIX.
853 2535 884 2577 c.
909 2516 963 2579 37.
987 2513 1116 2620 113523.
1140 2515 1192 2577 ed.
1218 2512 1328 2576 Stura.
1362 2536 1365 2543 ¹

40 2603 217 2721 &Pompeio
240 2621 273 2675 ct
299 2606 423 2673 Crasso
448 2608 562 2671 iterum
585 2609 768 2672 consulibus
790 2606 920 2675 scribit.
956 2601 1062 2673 sudrei
1085 2630 1118 2671 rs
1146 2594 1205 2672 otiu
1225 2628 1330 2713 aspu-

42 2697 152 2776 liam
139 2704 310 2784 meipsum,
342 2708 400 2768 καὶ
426 2701 510 2788 μετὰ
539 2703 636 2769 τοῦτο
666 2698 845 2812 usxposqu
876 2702 1021 2811 incripsq
1054 2706 1124 2779 τοῖς
1158 2693 1330 2780 deusdedus
1429 2721 1431 2725 ’

45 2808 106 2869 mc
118 2797 285 2879 ructamus
318 2787 439 2903 ὥσπερ
447 2818 500 2862 τοι
521 2791 617 2863 αὐτοὶ
638 2795 789 2875 ἔλαττον,
818 2786 870 2861 ὅτι
892 2792 931 2862 osi
952 2790 1134 2882 χρήμασιν,
1164 2790 1250 2863 ἀλλὰ
1270 2796 1332 2899 fliqs

47 2876 178 2987 titippris
199 2886 400 2983 εἰλήφεσαν,
421 2883 637 2977 ἁμαρτόντες.
683 2893 797 2985 Neque
819 2893 905 2974 quod
933 2893 1045 2953 ambos
1071 2891 1219 2955 consules
1240 2890 1330 2953 acer'·

44 2970 163 3047 Haste
185 2984 310 3049 ambitu
334 2983 420 3069 leges
440 2983 550 3047 tulisse
573 2974 700 3059 scribit,
725 2984 843 3068 aliquid
870 2983 1058 3047 offensionis
1085 2987 1193 3048 babet.
1238 2985 1331 3051 Solet

19 3084 96 3135 llo
119 3077 177 3143 Dio
207 3080 282 3143 lere
315 3077 432 3161 ubique
464 3078 503 3139 ab
531 3080 688 3144 ambobus
716 3078 837 3141 factum
867 3078 1051 3142 consulibus
1086 3078 1209 3153 dicere,
1243 3079 1331 3162 quod

36 3164 145 3234 sltsmtri
173 3184 298 3239 tantum
334 3170 559 3257 adsignandum
593 3184 675 3236 erat.
733 3172 812 3236 lllut
845 3176 1082 3257 quodammodo
1119 3183 1233 3237 contra
1271 3193 1331 3241 uos
1440 3192 1444 3199 “

33 3257 114 3326 lacere
131 3266 229 3331 rideri
253 3277 382 3349 potest,
415 3269 503 3351 quod
529 3266 594 3332 Dio
619 3267 707 3351 leges
730 3267 799 3330 illas
821 3288 886 3332 uon
909 3279 971 3330 tam
995 3269 1034 3330 de
1055 3267 1214 3332 sodaliciis
1236 3288 1331 3363 quam

33 3352 179 3424 lemtim
207 3361 291 3425 latas
315 3359 437 3425 scribit.
480 3361 642 3424 Verum
634 3382 664 3424 ru
694 3381 731 3425 ea
759 3382 795 3427 rs
824 3383 887 3424 nou
916 3372 996 3443 puto
1025 3363 1218 3426 haerendum
1248 3382 1329 3437 esse,

32 3454 184 3525 praesertim
214 3477 290 3517 cum
320 3475 358 3517 ex
389 3453 558 3519 Ciceronis
583 3453 693 3519 verbis
722 3455 881 3519 ladrum'
868 3477 965 3538 specu
966 3478 1025 3520 um
1046 3459 1162 3540 legum
1182 3456 1332 3520 ambraus

19 3554 126 3615 ructor
145 3549 196 3613 Μ.
220 3546 388 3612 Licinium
410 3569 473 3614 nou
500 3570 592 3611 unam
617 3551 656 3614 de
681 3549 841 3613 sodaliciis
867 3550 986 3634 legem,
1015 3571 1126 3614 venum
1155 3551 1264 3632 plures
1292 3550 1334 3610 acl

19 3634 211 3715 luculum
247 3640 419 3718 ambitum,
463 3646 541 3727 quas
584 3642 723 3708 Dionem
763 3643 963 3726 probabilest
1003 3655 1181 3726 spectasse,
1224 3641 1332 3707 tulisse

19 3726 21 3793 l
19 3742 165 3813 tppsresr

19 3906 21 3911 ,
624 3913 655 3983 §⁰
679 3907 711 3971 2·
757 3897 758 3900 ,

471 4019 517 4074 De
537 4024 653 4073 erimine
672 4019 881 4095 sodaliciorum.

19 4134 21 4139 ’
96 4117 290 4206 Quamquam
312 4133 400 4186 recte
421 4123 588 4187 Manutius
607 4121 640 4186 in
662 4134 852 4208 argumento
873 4122 964 4187 buius
988 4120 1162 4196 orationis,
1187 4123 1335 4205 quemad-

32 4211 131 4274 uolmu
153 4214 335 4296 perduellio
357 4210 535 4279 maxumum
550 4214 634 4282 iuter
654 4217 824 4281 maiestatis
843 4217 972 4281 crimina
986 4214 1102 4291 luserit,
1127 4215 1168 4277 ita
1184 4213 1335 4279 sodalicia

30 4305 235 4381 μιιιιιιιιιιιιιι
258 4308 396 4373 ambitus
421 4308 539 4373 crimen
565 4310 663 4374 luisse
690 4313 828 4386 mourut,
853 4321 955 4374 tameu
980 4332 1021 4383 ex
1049 4330 1090 4373 eo
1114 4312 1253 4374 nondum
1277 4331 1334 4392 ap·

19 4410 118 4471 Μ
149 4407 330 4485 qurumodo
341 4401 495 4471 sodalicia
525 4406 565 4465 ab
590 4402 711 4467 ambitu
738 4404 959 4487 discreparint.
1011 4403 1174 4482 Quaedam
1202 4404 1241 4465 de
1272 4402 1334 4468 isto

30 4484 248 4562 munisse.
272 4495 428 4581 Sigonius
444 4499 483 4560 de
498 4495 627 4563 ludicris
650 4500 692 4562 L.
715 4498 762 4563 11.
785 4520 816 4561 c.
840 4498 893 4561 30.
917 4519 950 4580 p.
973 4498 1068 4559 1781.
1092 4499 1192 4561 Thes.
1210 4497 1333 4560 Graes.

30 4595 100 4648 'tels
124 4589 263 4665 mouuit;
293 4612 375 4674 quae
404 4611 471 4696 qup
503 4591 602 4672 magis
634 4590 796 4677 plerisque
824 4592 900 4655 viris
928 4589 1034 4654 doctis
1060 4588 1223 4703 iueogpitu
1248 4601 1333 4664 sust,

32 4692 66 4737 so
81 4679 171 4746 uictu
192 4685 329 4749 alieuuus
352 4684 464 4766 putari
486 4684 539 4747 uie
560 4698 719 4767 repetere.

97 4775 246 4845 ,Praeter
281 4779 445 4861 proluaaur
486 4777 717 4888 benignitatem
750 4777 961 4844 adhibitast
945 4801 983 4843 ιιι
1017 4777 1173 4855 comitiis,
1208 4775 1333 4840 ultumis

35 4878 156 4934 ¹*turture
180 4871 228 4937 rei
254 4894 290 4958 p.
317 4872 533 4957 temporibus,
569 4874 658 4957 quasi
684 4873 733 4939 vis
758 4875 929 4961 quaedam,
965 4893 1045 4956 quse
1074 4874 1147 4957 qnia
1173 4866 1334 4937 sodalibus
