3338 5584
494 256 515 309 Χ

283 387 346 450 tol
683 386 834 452 INDEX
855 384 1212 452 FORMULARUM.

369 527 426 590 Ne
455 526 545 611 quis
575 527 843 613 magistratus
878 527 1003 590 civem
1038 529 1258 592 Romanum
1286 535 1352 588 cet.
1390 525 1433 591 P.
1462 525 1621 592 Valerius

285 621 454 687 Publicola
480 621 581 706 legem
602 624 641 683 ad
660 623 816 705 populum
837 621 909 684 tulit
935 643 1022 698 eam,
1047 642 1127 707 quae
1152 619 1333 685 centuriatis
1357 619 1493 683 comitiis
1511 620 1623 703 prima

284 716 430 790 1515551,
455 716 607 801 nequis
632 714 892 801 magistratus
916 715 1044 779 civem
1069 706 1624 797 Rom'annnauversnnpro-

285 808 545 873 vocationem
568 823 735 873 necaret
758 832 855 873 neve
878 812 1136 872 verberaret.
1155 812 1195 872 de
1215 809 1303 890 Rep.
1327 809 1365 883 9,
1390 806 1449 883 81,
1474 806 1530 871 53.

369 904 427 966 Ne
449 903 602 968 referri
625 925 725 967 neve
747 903 828 967 dici
849 904 1013 980 liceret,
1036 915 1132 987 caput
1157 903 1237 989 legis
1261 905 1304 973 P.
1329 901 1451 968 Clodii.
1481 904 1521 965 ad
1544 903 1624 967 Au.

285 995 322 1073 3,
345 999 402 1073 15,
427 1000 459 1061 6.

370 1090 1149 1174 Nereipublicaestatuscommutetur.
1166 1085 1622 1176 15Η1555ρ.115ῳ.97,59.

369 1188 428 1249 Ne
451 1198 684 1268 sumptuosa
706 1188 929 1270 respersio.
974 1188 1060 1250 Vide
1079 1185 1243 1250 Homini
1271 1197 1446 1250 mortuo.

368 1283 428 1345 Ne
449 1280 572 1344 tollat
594 1303 638 1342 ex
662 1301 749 1343 area
774 1282 848 1345 nisi
871 1282 951 1345 erit
972 1293 1129 1364 pactus.
1162 1281 1263 1344 Verr.
1285 1279 1345 1343 lib.
1369 1279 1406 1356 3,
1432 1281 1492 1355 11,
1517 1279 1579 1343 37.

369 1377 480 1440 Neve
504 1395 639 1438 aurum
662 1375 811 1439 addito.
856 1375 940 1439 Vide
963 1376 1126 1439 Homini
1150 1385 1322 1440 mortuo.

370 1470 539 1543 Nexum3
563 1470 650 1552 quod
670 1489 730 1551 per
754 1469 865 1532 libram
885 1468 1013 1555 ¹agitur.
1038 1471 1076 1531 de
1100 1470 1195 1535 Orat.
1220 1468 1257 1545 3,
1282 1469 1342 1547 10,
1366 1468 1440 1533 159.
1467 1496 1507 1513 -·
1533 1466 1623 1532 Vide

183 1576 188 1601 ¹
284 1563 375 1628 Iure
398 1564 563 1645 optimo.

273 1734 276 1745 Ι
369 1659 517 1720 Nexum
540 1656 679 1722 civile.
703 1659 742 1720 15
763 1658 849 1739 Rep.
871 1660 908 1733 1,
935 1660 994 1732 11,
1018 1659 1072 1722 97.
1095 1693 1134 1704 -
1165 1656 1425 1740 Propterunius
1448 1655 1620 1720 libidinem

285 1752 389 1816 omnia
406 1772 502 1814 nexa
522 1751 661 1815 civium
677 1752 812 1835 liberata
829 1751 1063 1838 nectierque
1079 1750 1226 1815 desitum.
1256 1751 1340 1815 Ibid.
1359 1751 1416 1815 lib.
1433 1751 1471 1828 9,
1488 1751 1547 1828 31,
1562 1752 1619 1817 59.

369 1848 522 1910 Nesus.
566 1844 892 1927 VideMaucipia.

367 1940 416 2004 Ni
446 1942 641 2003 adversus
669 1939 839 2002 edictum
868 1939 1079 2022 praetoris
1109 1940 1172 2005 vis
1194 1939 1301 2004 15515
1325 1951 1447 2004 55551.
1479 1962 1549 2024 pro
1573 1941 1621 2005 A.
1664 1970 1665 1975 ¹

284 2033 422 2101 Caecina
447 2034 505 2107 16,
531 2033 585 2095 15.

367 2129 416 2192 Ni
446 2125 569 2192 155115
599 2137 809 2211 quaestum
839 2127 1011 2191 faceret.
1057 2127 1246 2212 sponsionis
1264 2127 1416 2215 15555515.
1448 2130 1558 2196 Verr.
1583 2130 1619 2205 5,

282 2225 342 2301 51,
374 2225 449 2285 111.

368 2314 480 2381 Nihil
502 2336 641 2379 moror
663 2336 719 2379 555
742 2315 850 2389 salvos
872 2336 941 2381 esse
964 2306 1140 2402 51555155
1163 2338 1243 2401 qun
1265 2314 1431 2379 iubetis.
1467 2315 1617 2402 Philipp.

284 2411 344 2488 13,
370 2414 428 2486 17,
453 2411 506 2473 35.
1034 2462 1041 2469 .

307 2536 312 2551 =
362 2504 411 2569 Ni
433 2514 472 2567 te
493 2503 702 2586 Apronius
723 2503 760 2567 in
783 2504 960 2567 decumis
982 2503 1137 2571 socium
1158 2526 1247 2569 esse
1269 2505 1389 2568 dicat.
1421 2505 1617 2587 Sponsionis

282 2598 437 2664 formula.
468 2600 571 2661 Verr.
595 2597 632 2674 3,
659 2598 818 2674 59,135.
973 2636 976 2639 -
1306 2635 1312 2645 ·

365 2692 505 2757 Nivir
527 2695 655 2756 bouus
678 2705 799 2755 esset.
833 2692 963 2759 15011.
988 2693 1108 2769 3,19,
1135 2695 1187 2755 77.
1664 2704 1665 2793 l

368 2790 519 2852 Nomen
543 2784 704 2849 deferre
727 2785 873 2851 alicuius.
897 2807 958 2870 pro
982 2788 1107 2851 Scauro
1130 2786 1169 2862 9,
1194 2786 1247 2851 93.

334 2952 337 2963 ,
367 2883 467 2946 Nom
478 2899 520 2944 en
536 2882 624 2966 quod
639 2892 751 2965 urget,
770 2903 841 2944 cum
858 2882 977 2963 petitur
992 2881 1236 2963 dissolvere.
1260 2902 1323 2964 pro
1337 2882 1472 2948 Plancio
1488 2884 1549 2963 98,
1566 2888 1616 2951 58.

370 2977 521 3040 Nomen
544 2975 666 3038 15555.
712 2973 794 3039 Cum
818 2976 943 3040 Basilus
968 2976 1020 3040 Μ.
1049 2974 1206 3052 Satrium,
1238 2977 1364 3041 sororis
1391 2977 1520 3055 illium,
1558 3003 1618 3046 no·

284 3092 370 3135 men
393 3091 483 3134 suum
503 3069 614 3133 15555
634 3069 792 3133 uoluisset
813 3091 948 3153 eumque
970 3069 1144 3134 fecisset
1167 3070 1357 3135 heredem
1380 3082 1443 3136 eet.
1482 3075 1527 3138 de
1552 3076 1612 3141 01.

284 3165 323 3242 3,
348 3165 406 3235 18.
431 3165 486 3227 71.
684 3218 688 3229 .

369 3259 522 3323 Nomen
545 3255 602 3320 rei
625 3255 826 3339 recipere.
871 3257 975 3320 Verr.
999 3257 1121 3323 Aecus.
1146 3261 1184 3335 9,
1208 3259 1267 3338 38,
1292 3260 1346 3327 91.
1369 3296 1372 3303 ·

370 3351 601 3418 Nominare.
645 3349 971 3417 VideHonestas.
1015 3356 1171 3422 Honos.

369 3449 457 3513 Non
480 3446 622 3532 liquet.
653 3466 715 3529 pro
738 3444 889 3509 Cluentio
914 3447 971 3524 98,
997 3449 1050 3512 76.

369 3545 457 3607 Non
486 3540 681 3624 redigam.
727 3538 810 3604 Cum
837 3560 940 3624 aequo
967 3563 1101 3607 nurnero
1127 3544 1300 3608 sententiae
1325 3544 1483 3621 15155551,
1522 3548 1608 3611 Late·

285 3622 387 3702 reneis
407 3637 569 3720 (praetor)
592 3637 680 3720 leges
701 3632 857 3718 ignorans
879 3637 1115 3718 pronuntiarit,
1141 3638 1218 3721 quid
1239 3638 1361 3724 singuli
1382 3637 1520 3703 ordines
1542 3638 1615 3703 iudi·

286 3742 431 3801 cessent:
455 3742 487 3793 et
506 3733 546 3793 ad
564 3741 759 3805 extremum,
784 3738 819 3792 ut
842 3729 968 3792 solenti
992 3732 1083 3795 Non
1105 3731 1300 3816 redigam.
1323 3733 1364 3794 sd
1382 3732 1478 3797 Fam.
1491 3734 1529 3811 8,
1545 3735 1578 3810 8,
1589 3735 1618 3796 3.

370 3826 500 3889 Notat
516 3843 634 3888 censor
651 3823 774 3899 civem,
791 3824 1065 3902 subscribens,
1081 3826 1159 3910 quid
1175 3824 1359 3911 deliquerit,
1375 3827 1620 3893 adscribens

288 3920 381 3986 etium
402 3919 461 3983 alia
484 3920 651 4003 quaedam.
685 3908 825 3981 151115.
851 3918 885 3991 1,
912 3920 968 3995 16,
993 3920 1047 3984 99.
1090 3982 1094 3987 ,

373 4012 626 4079 Notationes
648 4010 827 4076 censoriae.
850 4031 912 4094 pro
931 4009 1083 4077 Cluentio
1106 4014 1164 4090 16,
1191 4014 1265 4080 198.

372 4107 540 4173 Noniae.
574 4126 638 4188 pro
662 4106 697 4168 S.
721 4107 824 4170 Rosc.
847 4108 925 4169 Am.
949 4106 1007 4182 99,
1032 4108 1086 4171 69.

374 4205 474 4267 Num
497 4200 681 4286 quidnam
702 4199 817 4264 novi?
849 4203 889 4263 de
911 4201 1006 4266 Orat.
1029 4202 1066 4280 9,
1090 4202 1127 4281 3,
1153 4204 1206 4268 13.

321 4296 324 4303 ’
374 4293 600 4362 1155115115.
645 4292 731 4357 Vide
753 4294 935 4377 spectio.

374 4390 568 4454 Nuntium
597 4386 810 4450 remittere
838 4388 960 4453 uxori
986 4389 1017 4452 in
1039 4392 1181 4474 repudiis
1203 4391 1271 4456 sive
1293 4392 1547 4461 renuntiatione.
1584 4398 1624 4460 51

291 4487 363 4552 Α11.
389 4488 446 4564 11,
469 4483 528 4559 93,
553 4483 585 4547 3.
608 4518 650 4529 -
671 4479 756 4546 Vide
779 4480 1027 4548 concubina.
1071 4485 1317 4551 Divertium.

376 4578 569 4662 Nuptiae.
613 4576 700 4641 Vide
724 4575 925 4659 Auspiccs
948 4578 1193 4661 nuptiarum.
1225 4617 1264 4629 —
1295 4578 1554 4647 Concubina.
1580 4613 1621 4627 ·-

293 4677 400 4739 Tuas
421 4695 484 4737 res
506 4671 581 4736 tibi
603 4674 767 4735 habeto.

377 4765 644 4835 obnuntiatio
666 4765 926 4833 dirarum.·de
947 4762 1058 4831 Divin.
1082 4769 1120 4843 1,
1146 4769 1204 4846 16,
1228 4768 1281 4834 99.
1325 4768 1401 4836 cu.
1425 4773 1620 4838 Putscbiuru

290 4865 323 4929 15
344 4859 470 4931 Valerii
491 4858 626 4927 Catonis
647 4858 748 4925 Diris.
793 4860 889 4924 lenae
911 4860 1005 4925 1898.
1029 4883 1062 4945 p.
1086 4863 1103 4924 7
1126 4883 1218 4948 seqq.
