3328 5576
326 378 379 450 111
585 420 587 427 ’
910 382 1061 453 INDEX
1123 376 1126 387 ’

327 523 377 609 gis
399 521 526 610 dignam
546 542 618 587 esse
640 536 791 607 apparet,
817 524 845 590 si
864 525 989 589 nescire
1010 525 1149 602 fatetur,
1170 533 1275 587 utrum
1297 522 1416 588 iustitia
1436 543 1475 587 an
1495 526 1623 593 matun

325 619 429 694 tibus,
458 629 545 682 recta
568 640 605 680 an
628 620 760 705 obliqua
782 620 855 698 via,
885 620 1046 684 felicitatis
1068 621 1223 682 humanae
1244 618 1405 703 fastigium
1427 617 1516 684 altius
1535 642 1623 687 cuasa

325 712 380 795 qui
401 712 514 790 liceat,
544 734 637 798 quam
660 712 687 778 si
708 713 816 779 fraudi
839 714 934 800 eique
955 713 1105 796 obliquae
1127 714 1240 777 'turrim
1270 711 1383 777 tribuit
1411 711 1443 774 in
1470 715 1532 779 alto
1558 718 1625 800 pusi·

324 818 404 884 tam,
436 808 488 869 cui
516 806 619 892 magis
648 809 800 891 spelunca
827 809 937 872 abdita
965 820 997 872 et
1024 809 1155 872 sinuosa
1181 807 1385 874 conveniret.
1430 814 1529 879 Recte
1549 812 1624 896 igiter

327 902 452 966 dativus
474 900 588 965 Astius
609 914 724 967 nostro
744 904 824 968 loco
845 903 1048 986 recipiendos
1068 902 1240 981 iudicavit,
1264 904 1448 972 Boeckhius
1468 908 1501 970 in
1522 905 1627 972 Pindari

324 998 507 1084 fragmento
529 995 666 1079 recepit.
711 997 801 1062 Idem
829 998 1012 1063 Bueckhius
1038 998 1143 1079 ὕψιον
1168 1009 1258 1062 recte
1279 1001 1470 1066 observavit
1489 1020 1626 1083 compare

323 1091 425 1156 tivum
441 1112 531 1166 esse;
554 1089 644 1155 cuius
659 1103 765 1156 tamen
780 1092 844 1157 vim
867 1093 964 1165 Plato
986 1092 1116 1156 videtur
1137 1092 1334 1178 neglexisse,
1359 1106 1447 1160 certe
1469 1098 1627 1161 adolescen-

323 1197 388 1249 tem
409 1207 474 1251 non
496 1186 530 1249 id
550 1187 745 1249 dubitantem
766 1185 903 1264 fecisse,
937 1197 1017 1253 utra„
1030 1185 1128 1251 turris
1151 1186 1267 1264 altior,
1299 1191 1358 1253 sed
1378 1202 1450 1253 utra
1472 1192 1524 1255 ria
1543 1190 1626 1253 adal

323 1292 388 1344 tam
417 1279 578 1359 felicitatis
604 1281 716 1345 turrim
746 1280 1095 1346 adscendendumsitss’
1140 1280 1241 1347 Conf.
1271 1305 1300 1346 s.
1331 1272 1364 1348 ν.
1388 1287 1539 1375 Πότερον
1558 1290 1627 1357 dirus

324 1392 427 1457 τεῖχος
452 1378 564 1457 ὕψιον
1646 1430 1647 1455 2

405 1474 626 1553 Ἣουχάζειν,
651 1473 836 1559 quiescere.
881 1475 958 1538 Hoc
975 1473 1078 1537 verbo
1094 1473 1263 1537 utebantur
1278 1473 1397 1551 Stoici,
1423 1495 1496 1537 cnm
1511 1472 1647 1555 dicerem

323 1564 355 1628 in
384 1566 486 1630 sorite
515 1587 586 1631 esse
614 1568 646 1630 iu
674 1579 819 1651 tempure
847 1567 1098 1643 subsistendum,
1134 1554 1167 1630 l.
1191 1589 1222 1630 c.
1245 1566 1273 1631 si
1295 1579 1526 1654 quaereretur:
1548 1560 1647 1643 triane}

324 1659 422 1723 multa
444 1659 531 1727 sint?
561 1672 655 1744 post,
686 1683 725 1724 an
748 1674 918 1749 quattuor,
948 1672 981 1725 et
1002 1660 1049 1725 sic
1070 1681 1193 1743 porro,
1225 1663 1428 1727 desinendum
1454 1684 1526 1727 esse
1554 1660 1628 1747 paulu

324 1765 397 1817 ante
428 1776 522 1839 quam
551 1759 592 1818 ad
612 1755 711 1819 multa
733 1768 923 1839 perventum
946 1755 999 1819 sit.
1022 1757 1108 1819 Eas.
1167 1755 1311 1838 „Placet
1332 1757 1415 1821 euim
1440 1755 1647 1839 chrysippo„

324 1869 394 1911 curn
418 1849 574 1934 gradatim
596 1848 834 1936 interrogetur,
866 1849 960 1913 verbi
982 1869 1097 1926 causa,
1128 1850 1190 1913 tria
1211 1872 1315 1934 pauca
1337 1850 1400 1914 sint
1428 1873 1511 1917 anne
1538 1852 1628 1923 multa,

323 1943 486 2028 aliquanto
513 1943 603 2026 prius
633 1966 727 2027 quam
755 1947 795 2008 ad
824 1945 920 2008 multa
942 1944 1112 2026 perveniat
1133 1945 1317 2029 qutiescere,
1347 1945 1472 2024 idest,
1505 1945 1628 2034 quodsi

322 2035 361 2100 iis
383 2036 497 2102 dicitur
518 2039 704 2119 ἡσυχάζειν.
749 2041 817 2106 Per
838 2060 887 2102 me
911 2040 961 2102 vel
984 2049 1098 2101 stertas
1120 2037 1216 2117 licet,
1239 2038 1342 2126 inquit
1365 2038 1567 2120 Carneades,
1588 2058 1628 2102 nu

324 2135 421 2197 modo
444 2132 629 2217 quiescas.''
673 2135 778 2199 Acad.
801 2133 848 2199 11.
872 2133 931 2210 99,
961 2132 1016 2199 93.

408 2228 613 2308 Ηῦτόκησεν.
643 2228 722 2293 Vid.
746 2223 910 2296 Eironee'v.

954 2413 1004 2501 Θ.

409 2612 520 2687 Θεῑος,
551 2621 715 2695 patruus.
760 2608 890 2686 „cnm
921 2611 1036 2674 amabo
1058 2621 1106 2685 te,
1139 2607 1330 2674 Ciceronem
1352 2620 1526 2674 nostrum:
1549 2605 1576 2669 ei
1591 2620 1635 2665 uss

323 2711 409 2771 baluc
432 2704 591 2768 ridemur.
600 2708 620 2734 ’'
670 2707 710 2767 ad
741 2707 815 2769 An.
837 2700 887 2767 ΙΙ.
912 2705 949 2779 9,
985 2704 1177 2786 1.]νσ1νιιί,
1211 2703 1236 2766 i.
1260 2724 1290 2766 e.
1313 2704 1523 2778 severiores,
1557 2698 1635 2762 uinus

324 2818 418 2883 quam
439 2818 500 2881 par
522 2810 571 2861 est
592 2809 743 2861 amantes.
767 2796 963 2877 (Horatius.
987 2798 1043 2862 Nc
1065 2798 1116 2861 sie
1132 2809 1286 2882 patratas
1307 2797 1429 2878 milei.)
1462 2800 1532 2861 Sed
1552 2815 1576 2859 u
1567 2792 1638 2853 bot

325 2893 480 2957 voluisset
502 2891 642 2970 Cicero,
676 2913 736 2955 eur
756 2912 821 2955 nou
843 2891 959 2955 Latine
983 2890 1117 2956 dixisset
1135 2892 1284 2976 patrui?
1306 2891 1420 2972 Quare
1446 2884 1638 3009 praefecerit

327 2986 427 3051 altera
448 2986 545 3069 lectio
567 3001 753 3052 συννοσεῖν·
777 2987 865 3070 quud
886 2986 974 3051 vide.

411 3064 608 3166 Θισνιόμνισυ
642 3082 725 3171 πρὸς
747 3081 983 3177 Αλέξανδρον,
1004 3081 1219 3167 Theopompi
1246 3081 1293 3144 ad
1319 3082 1575 3146 Alexandrum
1593 3071 1639 3139 sci

325 3173 460 3258 epistola
483 3175 642 3241 suasoria.
686 3170 847 3259 „Mecum
868 3177 972 3240 habeo
995 3188 1026 3240 et
1037 3178 1287 3263 Αριστοτέλους
1303 3188 1335 3239 et
1358 3166 1643 3262 Θεοπόμτσυνρός

321 3270 582 3359 Αλέξανδρον.η
627 3273 667 3333 ad
693 3271 766 3335 Att.
795 3271 877 3336 XII.
907 3273 965 3348 10,
1001 3272 1033 3335 9.
1084 3270 1186 3337 Conf.
1216 3273 1256 3334 atl
1285 3272 1357 3335 Att.
1380 3273 1496 3338 XIII.
1522 3264 1644 3344 98,1

325 3365 444 3448 „Quae
469 3366 607 3429 suntad
633 3366 852 3430 Alexandrum
879 3315 1043 3430 homiuum
1076 3366 1292 3451 eloquentium
1323 3377 1355 3429 et
1382 3369 1647 3434 auctoramus

325 3458 449 3537 siones,
474 3459 562 3523 vides
585 3459 700 3544 quibus
722 3458 753 3522 in
775 3461 874 3523 rebus
897 3458 1107 3524 versentur.”

409 3554 599 3636 Θεοφάνης,
626 3556 868 3638 Theophanes.
920 3601 935 3629 ,‚
946 3554 1055 3636 Quare
1084 3555 1112 3618 si
1139 3553 1216 3638 quid
1244 3556 1423 3636 Θεοφάνης
1439 3569 1560 3621 tecum
1576 3549 1647 3614 istit

325 3647 515 3724 contulerit,
540 3669 579 3710 ne
602 3647 731 3713 oraniuo
753 3647 972 3731 repudiaris.''
996 3652 1036 3711 ad
1052 3650 1122 3714 Aa.
1136 3648 1184 3712 ll.
1201 3649 1239 3723 5,
1265 3652 1297 3711 1.
1315 3649 1392 3715 Vid
1412 3646 1647 3716 onomasueou

335 3768 339 3777 ·
408 3743 628 3826 Θεοφράστου
657 3755 731 3831 περὶ
763 3748 970 3826 φιλοτιμίας,
997 3744 1230 3825 Theophrasti
1261 3742 1303 3805 cie
1333 3743 1463 3809 attufio
1499 3747 1647 3810 bannum

305 3835 417 3909 tiber.
466 3890 484 3921 „
495 3837 714 3918 Θεοφράστου
748 3849 823 3925 περὶ
852 3843 1043 3921 φιλοτιμίας
1070 3837 1154 3900 affer
1177 3836 1257 3900 rnihi
1279 3839 1317 3899 tle
1338 3835 1440 3903 libris
1468 3834 1647 3924 Quintius

322 3930 422 3995 tris.’'
467 3934 507 3995 acl
529 3934 602 3996 Art.
624 3932 674 3997 II.
697 3933 733 4008 3,
762 3933 794 3996 3.
840 3932 922 3996 vid.
944 3930 1192 3997 Onomasticun.

406 4024 1511 4115 Θέρμος,1ιιρίιιιιι.σι1Α11.1.1,9.ὃίῐοσιιιοοῐεειιιιο,
1548 4032 1588 4092 de
1607 4038 1647 4108 qut

293 4202 295 4206 μ
321 4119 466 4184 dubitant
486 4117 574 4183 docti
595 4118 757 4207 homines,
781 4120 861 4185 ludit
884 4119 1034 4184 Cicero'
1022 4141 1057 4182 ιιι
1080 4118 1207 4184 nomine
1231 4116 1647 4190 tarantasmum

279 4244 284 4251 ·
318 4213 409 4278 runis
431 4234 545 4278 nomen
566 4200 652 4277 esta
675 4214 799 4291 cicere,
823 4225 855 4277 et
870 4221 989 4300 scopos
1011 4226 1085 4277 suut
1110 4214 1230 4296 lupini,
1254 4230 1337 4299 quae
1359 4218 1446 4281 suni
1470 4221 1544 4284 duo
1560 4228 1647 4306 61111

318 4306 501 4393 leguminis.
543 4308 629 4370 Eun.
675 4298 801 4373 Confer
825 4307 941 4374 Orellii
963 4307 1214 4371 adnotationem.

401 4405 517 4478 Θέσις,
553 4401 706 4465 ιινάοσνσί
733 4402 873 4486 generis
901 4400 1077 4487 quaestio,
1115 4403 1348 4485 propositum.
1416 4408 1553 4482 „Haec
1582 4405 1647 4493 igtu

319 4496 464 4583 quaestio
487 4516 505 4558 a
528 4495 674 4578 propriis
699 4495 849 4578 personis
876 4508 910 4559 ct
930 4494 1130 4578 temporibus
1154 4498 1202 4558 at
1213 4496 1356 4560 universi
1378 4504 1531 4583 generis
1557 4496 1647 4568 oratii

316 4611 388 4654 nem
415 4591 559 4652 traducta
589 4589 768 4672 appellatur
795 4588 929 4665 31σις.”
981 4587 1112 4653 Orator>
1130 4584 1191 4664 tt,
1225 4590 1276 4654 16.
1298 4624 1342 4637 -·
1387 4595 1517 4674 „Sunt
1541 4594 1647 4660 maxia

316 4685 499 4769 luminosae
515 4694 548 4746 et
569 4687 661 4773 quasi
682 4696 832 4750 actuosae
863 4693 973 4765 partes
1001 4679 1200 4763 (orationis)
1227 4685 1329 4746 duae.
1360 4706 1520 4771 quarum
1547 4684 1647 4758 alteral

314 4781 348 4845 iu
371 4780 511 4848 universi
534 4781 661 4869 generis
684 4778 869 4863 quaestione
890 4796 998 4859 pono,
1023 4796 1137 4860 quam,
1162 4787 1198 4838 ut
1219 4794 1316 4858 supra
1339 4776 1437 4859 dixi,
1465 4787 1601 4852 Graeci
1622 4786 1647 4866 al

314 4879 436 4963 pellant
461 4886 578 4948 θέσιν·
612 4872 783 4940 alteram
773 4892 805 4936 ιιι
839 4870 993 4957 augendis
1024 4862 1314 4956 amplificandisque
1341 4874 1481 4958 rebus,
1522 4903 1611 4968 quae
1639 4890 1647 4939 t
