3220 5572
382 422 811 492 GRAECO-LATINUS.
1259 430 1299 496 89

49 564 244 643 indimissaut.
293 566 361 630 Ios.
393 566 538 650 Scaliger
564 578 596 629 ct
619 566 757 632 Vossius
781 569 822 630 ad
847 556 966 632 Catull.
988 590 1021 650 p.
1044 568 1097 654 22.
1121 570 1185 655 legi
1209 573 1300 637 vole·
1425 538 1439 599 ἰ

50 662 257 741 bauauriliousz
279 683 347 724 natu
377 658 611 745 boeesse'ep.
641 664 673 725 5.
702 673 734 725 et
762 674 876 725 octava
904 666 1068 744 putabant.
1114 666 1178 728 Sed
1197 668 1302 751 Grae-

49 757 168 818 viasrecte
190 756 280 830 vidit,
315 750 483 839 σιττὺβους
508 776 575 818 esse
602 757 642 818 ab
664 755 713 817 his
739 756 819 820 loeis
847 755 968 820 alienos
988 778 1052 821 non
1079 758 1182 822 miuus
1206 783 1302 845 quam

48 851 155 932 umidae.
175 851 335 948 partitione
358 872 428 914 esse
450 852 544 914 ollas¹
561 862 692 913 aiictore
717 852 871 925 Polluce,
896 852 1050 933 σιττύβας
1068 864 1170 916 autem
1192 868 1301 920 uestes

43 946 151 1026 puteas
169 955 291 1008 auctore
319 944 499 1025 Hesycbio.
553 944 713 1008 Pelliceas
747 945 830 1008 enim
860 957 965 1008 vestes
988 946 1188 1010 involvendis
1211 948 1301 1012 libris

41 1041 233 1101 mommodatas
253 1061 343 1113 esse,
368 1056 429 1102 nou
453 1026 551 1102 titulis¹
574 1040 743 1105 librorum.
787 1042 898 1123 ltaque
923 1061 984 1121 pro
1013 1040 1195 1123 συλλάβους
1220 1044 1301 1127 legit

37 1136 178 1213 callidum,
205 1147 234 1196 et
254 1133 391 1219 sillybis
411 1156 472 1216 pro
494 1135 647 1220 sillybis.
693 1133 874 1213 Hesychius
896 1140 1051 1217 σίλλυβον
1073 1134 1300 1219 iuterpretatur

34 1228 58 1292 ro'
78 1232 126 1292 uir
147 1235 271 1310 βιβλίων
300 1234 413 1314 δέρμα.
462 1227 664 1293 'Huiusmodi
697 1228 799 1300 tituli,
834 1228 949 1312 qttibus
977 1242 1143 1293 auctorum
1173 1232 1299 1317 uostriua

30 1321 249 1399 inscribebantur,
275 1321 378 1404 etqui
399 1322 489 1385 libris
507 1323 807 1408 agglutinabautur,
831 1326 1095 1405 quemadmodum
1123 1322 1215 1387 etiam
1236 1327 1299 1388 ho-

29 1415 66 1477 die
89 1416 270 1501 elegantiores
300 1420 392 1482 libris
429 1418 494 1481 suis
528 1417 708 1497 huiusmodi
743 1416 973 1481 membranulas
1006 1417 1247 1503 agglutinandas
1282 1444 1300 1484 a

27 1508 174 1595 bibliopegis
195 1526 326 1592 curant,
358 1514 473 1598 quibus
500 1512 575 1576 libri
598 1500 709 1576 atrctor
737 1525 769 1576 et
791 1512 903 1574 titulus
928 1513 1032 1575 aureis
1059 1511 1172 1576 litteris
1198 1513 1300 1579 inuri·

26 1614 77 1664 tur:
101 1606 253 1671 mtusuoti
276 1608 363 1672 ‹titttti
391 1609 482 1672 etiam
508 1610 662 1675 πιττάκια
679 1607 845 1672 dicuntur.
868 1610 905 1670 de
927 1607 1095 1689 σιλλύβοις
1114 1627 1147 1668 v.
1167 1608 1300 1672 Salmas.

26 1700 53 1758 ad
69 1696 215 1780 Capitolini
237 1703 366 1766 Pertin.
390 1726 465 1787 pag.
488 1705 592 1767 5191).
636 1703 727 1765 Haec
745 1701 917 1764 Graevius.
963 1699 1114 1765 Ceterum
1134 1700 1230 1765 facile
1251 1702 1300 1765 iu·

28 1791 100 1876 telligi
118 1806 228 1875 potest,
262 1799 348 1859 uude
368 1800 448 1861 baec
474 1796 607 1862 inritatio
634 1808 704 1859 orta
731 1794 784 1859 sit}
837 1794 891 1858 Ex
913 1796 1048 1882 sillybis
1069 1794 1173 1857 facilia
1199 1810 1300 1860 muta-

25 1884 246 1975 tioinsittybit.
296 1892 349 1954 Ex
369 1892 542 1973 σιλλιῖβους
564 1903 667 1954 autem
697 1888 897 1953 manifestum
927 1901 974 1952 eat
1003 1889 1153 1953 librarios
1185 1891 1300 1956 secisse

26 1982 176 2062 πυάρους,
196 1986 351 2069 deceptos
377 2007 457 2049 voce
480 1984 620 2049 iudices.
664 1986 746 2049 Nam
768 1984 897 2048 iudices
915 2005 990 2058 eoa,
1015 2002 1097 2066 quos
1115 1984 1215 2069 uolgo
1240 2007 1299 2050 vo-

27 2094 115 2151 uam,
134 2080 162 2140 h.
182 2100 210 2141 e.
234 2081 443 2164 catalogus,
466 2079 645 2165 Registem
670 2079 854 2161 συλλάβους
874 2075 935 2141 dici
960 2098 1075 2160 posse,
1101 2078 1298 2141 notissimum

31 2176 72 2227 etl·
100 2169 196 2234 Ilebis
217 2173 279 2236 dici
303 2176 475 2257 putabant,
506 2196 609 2258 neque
631 2173 867 2259 intelligebant,
900 2174 938 2235 de
967 2173 1064 2256 longe
1091 2170 1159 2234 aliis
1187 2171 1299 2235 indici·

33 2259 159 2335 hume.
182 2270 220 2330 de
245 2266 304 2343 iis,
328 2267 383 2352 qui
412 2267 586 2332 indicarent
611 2267 686 2331 libri
710 2280 870 2330 auctorem
896 2254 991 2347 atqite
1013 2267 1093 2329 adeo
1117 2263 1301 2350 inscriptio-

37 2350 369 2445 unetargumentum,
398 2384 577 2426 sermonem
604 2383 687 2424 esse.
738 2362 819 2426 Erat
843 2371 1011 2442 praeterea
1034 2358 1144 2442 ignota
1166 2360 1203 2422 iis
1232 2383 1300 2425 vox

36 2452 150 2529 σιλλυβος,
174 2467 206 2519 ut
233 2469 421 2539 corruptam
451 2457 622 2522 lectionem
659 2469 691 2518 et
718 2455 750 2520 iu
779 2455 964 2536 συλλάβους
986 2455 1165 2517 mutandam
1191 2462 1300 2518 cense-

31 2552 88 2605 mt.
116 2546 182 2613 Eas.
628 2562 633 2571 '

84 2639 211 2723 Σκάφος,
233 2645 450 2728 navigium..
473 2649 513 2708 ad
536 2648 604 2710 Att.
628 2646 707 2713 vlt.
731 2644 770 2718 3,
802 2642 833 2707 5.

84 2734 196 2821 Sagapa
218 2760 391 2824 magnum,
423 2752 476 2805 res
506 2760 636 2823 magua
660 2737 934 2803 consideratione
960 2736 1085 2822 digua,
1117 2726 1223 2803 etiarn
1245 2751 1299 2803 ab·
1418 2776 1426 2787 ·

28 2830 170 2986 {wem
192 2834 460 2900 considerando.
506 2887 523 2917 ‚‚
535 2836 610 2920 Ego
633 2834 709 2919 quiid
731 2854 840 2919 agam,
871 2845 1002 2918 σκέμμα
1023 2833 1214 2918 magnum.”
1259 2837 1300 2898 ad

68 2925 440 3099 'riiaif'ci'neaem
486 3024 525 3087 aa
548 3024 619 3087 att.
643 3023 727 3087 xri.
751 3024 791 3100 a,
819 3021 852 3087 e.

80 3110 273 3201 Σκήκτομαι,
304 3119 538 3202 tergiversor,
574 3138 689 3181 moras
718 3129 816 3180 necto
843 3116 1065 3197 excaecando,
1097 3115 1298 3181 dubitando.
1400 3190 1405 3195 ,

23 3201 84 3277 ,llic
98 3221 197 3293 auget:
220 3233 287 3296 ego
314 3225 416 3275 atttetu
443 3212 668 3296 σκήπτομαι.”
712 3213 753 3274 ad
774 3213 845 3276 Aet.
869 3211 970 3275 XVI.
994 3211 1027 3275 9.

21 3384 27 3395 Β
79 3299 219 3384 Mirer,
243 3307 502 3370 exeusationes.
548 3309 639 3387 „Sed
658 3317 693 3369 ut
709 3310 748 3367 ad
768 3303 870 3387 prima
892 3304 945 3366 illa
973 3306 1115 3381 redeam,
1139 3306 1218 3368 nihil
1236 3329 1299 3390 ego

20 3388 57 3449 ¹1¹²
68 3390 273 3476 impudentius,
299 3399 449 3471 astutius,
475 3400 588 3464 lentius
606 3398 687 3464 vidi:
712 3398 862 3461 libertum
889 3395 1001 3462 mitto:
1025 3398 1105 3462 Tito
1131 3403 1296 3466 mandavi:

24 3484 123 3565 mter
141 3503 230 3576 atque
257 3492 458 3575 ἄκμων
502 3496 542 3556 ae
564 3498 633 3558 art.
657 3495 685 3557 t.
708 3493 770 3567 te,
797 3497 828 3555 a.

80 3580 292 3667 Σκαιμαχίαι,
317 3586 518 3650 umbratiles
535 3606 693 3670 pugnae,
717 3588 908 3651 simulacra
924 3606 1138 3669 preguarum.
1185 3591 1300 3663 „Tan-

28 3672 68 3727 11·
81 3693 152 3755 utem
173 3681 324 3744 attulerat
343 3682 531 3761 exploratae
553 3679 707 3744 victoriae
730 3692 783 3744 tua
810 3677 976 3761 praeclara
1001 3679 1129 3743 Mutind
1150 3681 1297 3763 eruptio,

32 3758 209 3842 maurosii
236 3774 371 3838 conciso
397 3773 557 3851 exercitu,
583 3786 617 3837 ut
631 3774 774 3839 omnium
798 3773 891 3837 animi
913 3772 1047 3835 relaxati
1063 3774 1127 3835 siut
1148 3796 1300 3858 meaeque

33 3846 290 4012 {a'memeues‘
315 3867 536 3932 contentiones
564 3880 724 3953 tamquam
756 3880 958 3953 σκιαμαχίαι
989 3888 1058 3931 esse
1088 3865 1266 3931 videantur.
1280 3869 1299 3899 '’

91 3961 210 4026 &XL
233 3965 293 4037 tt,
319 3966 364 4026 t.-

90 4045 206 4134 totid,
238 4057 397 4142 obliqua,
431 4070 611 4131 tortuosa,
647 4048 680 4118 li.
712 4077 741 4119 e.
765 4042 913 4134 fraudes,
949 4055 1034 4135 doli,
1068 4054 1299 4122 siuutlationes.

25 4134 136 4211 ..2qu
153 4149 213 4213 tibi
235 4149 331 4213 video
353 4151 538 4232 placere.’''
565 4153 602 4212 ad
626 4154 698 4214 Att.
721 4151 826 4215 XIII.
839 4143 909 4226 stt,
935 4153 965 4217 1.

82 4234 208 4319 Σκολιᾶς
226 4246 367 4321 ἀπάτας.
391 4244 524 4308 «1111111.
548 4245 652 4308 XIII.
678 4247 737 4320 41,
769 4248 800 4309 1.
846 4246 925 4310 vid.
949 4247 1102 4330 Πότερον
1125 4250 1216 4322 δίκας
1234 4253 1298 4311 κτλ.

28 4414 34 4421 ὁ
82 4331 214 4413 Σωπός,
236 4360 382 4423 scopus,
406 4338 583 4413 ultimum,
600 4340 707 4417 fluis.
752 4342 905 4418 ,Σκοπὸς
922 4353 992 4414 est,
1016 4352 1050 4402 ut
1071 4328 1238 4420 suspicor,
1261 4338 1301 4400 il-

19 4412 110 4505 isqui
131 4440 253 4506 tenent,
285 4434 403 4496 nullam
429 4432 574 4516 cuiquam
600 4433 802 4517 largitIouem
827 4433 1047 4518 relinquere.’'
1091 4435 1132 4495 ad
1154 4434 1224 4495 Au.
1249 4433 1298 4495 ΙΙ.

20 4511 61 4583 ¹32
81 4520 106 4580 ¹·
125 4553 164 4567 ·-
185 4527 328 4607 „Neutri
344 4528 467 4603 σκοπὸς
484 4538 532 4589 est
553 4525 622 4601 ille,
648 4538 683 4588 ut
699 4549 757 4591 uos
775 4528 860 4591 beati
879 4529 992 4602 simus3
1016 4539 1150 4612 uterque
1165 4547 1300 4610 regnare

19 4606 104 4669 '‘tlt’'
142 4620 273 4682 adutt.
297 4622 397 4684 thl.
423 4625 482 4696 11,
507 4621 539 4682 2.
562 4654 605 4669 -
648 4624 687 4683 ad
710 4623 782 4685 Au.
806 4624 887 4685 XV.
912 4623 971 4697 29,
996 4622 1026 4686 2.
1062 4636 1066 4645 ·

34 4789 41 4800 ·
79 4706 253 4788 Σκυτεινός,
274 4716 484 4779 tenebrosus.
529 4714 722 4798 Cognomeu
739 4715 911 4789 Heracliti,
937 4715 1018 4797 „qui
1040 4714 1203 4788 σκοτεινὸς
1224 4735 1300 4795 per·

19 4787 128 4876 litetur,
150 4807 222 4888 quia
245 4811 405 4873 denatura
422 4809 511 4873 uimis
532 4812 671 4874 obscure
688 4808 911 4875 memoravit.’'
935 4812 973 4872 de
996 4809 1090 4872 Finn.
1114 4808 1162 4871 11.
1187 4811 1228 4881 5,·
1245 4809 1297 4868 15.
