3490 5586
625 214 637 249 Ι

307 378 368 448 319
860 378 1117 451 ANALECTA

307 523 379 589 iuri
407 524 521 611 magis
547 523 695 590 studiosi
722 544 827 610 quam
847 525 1058 610 eloquentiae
1079 544 1282 591 causarum:
1313 530 1348 587 ut
1368 520 1442 586 addi
1459 518 1565 607 possit
1584 517 1627 585 iis

307 619 420 703 quibus
443 640 557 683 nomeu
578 620 756 684 studiosus
776 641 846 684 cum
867 620 964 683 tertio
984 641 1061 683 casu
1081 616 1236 705 iungitur.
1271 619 1359 684 Rus.

391 715 433 779 P.
458 714 577 778 1061.
601 715 633 777 9.
656 715 805 790 actione,
826 714 977 798 6616616]
1001 715 1054 778 Sic
1076 714 1169 779 etism
1190 715 1299 799 Lugd.

389 809 431 873 Ρ.
457 810 529 871 107.
553 808 577 870 l.
597 810 654 871 97.
676 808 779 892 Quod
787 806 906 900 facile
926 811 992 890 est]
1020 810 1096 874 Nou
1121 812 1332 891 spernendum
1358 805 1501 882 videtin,
1538 807 1630 887 quos

306 900 336 965 ia
364 905 415 966 ed.
439 925 494 985 pc.
518 913 550 965 et
571 906 644 966 cod.
667 904 777 986 Lugd.
800 902 937 985 legitur,
969 904 1061 987 quod
1075 902 1186 980 fidele
1207 914 1274 978 est,
1310 900 1387 964 i.·e.
1418 902 1505 983 qnod
1531 898 1629 961 iidem

306 1016 369 1060 non
397 996 511 1071 laedit,
535 1000 621 1078 quod
643 998 730 1060 salva
753 1009 805 1059 tua
827 995 889 1059 fide
911 997 981 1059 fieri
1002 1007 1123 1079 potest.
1157 998 1246 1059 Rau.

389 1092 431 1154 P.
457 1091 530 1154 116.
554 1092 577 1152 l.
602 1092 655 1153 13.
680 1093 781 1156 Recte
809 1091 925 1155 editum
949 1102 998 1155 est
1017 1092 1162 1174 potisset
1183 1112 1245 1174 pto
1266 1089 1429 1174 petisset,
1461 1089 1549 1170 quod
1579 1097 1630 1149 est

303 1184 337 1248 in
361 1186 412 1247 ed.
435 1206 507 1266 66,
539 1186 621 1247 6616
641 1185 732 1269 volg.
750 1185 932 1269 potuisset.
978 1183 1204 1266 Coniecturam
1228 1207 1289 1269 qua
1317 1183 1349 1247 id
1372 1193 1534 1246 assecutus
1556 1190 1630 1244 enat

305 1280 373 1347 Ios.
397 1280 568 1342 Merccrus
588 1279 769 1361 planissime
791 1279 959 1343 confirmat
981 1282 1055 1343 661.
1078 1282 1191 1364 Lugd.
1226 1283 1312 1345 Rus.

306 1386 311 1403 ‘
390 1375 431 1436 Ρ.
457 1373 577 1438 119.1.
603 1374 655 1437 19.
678 1376 738 1438 Ex
758 1373 819 1436 illo
840 1394 948 1458 grege
971 1375 1200 1455 moratorum]
1238 1373 1288 1437 Ita
1318 1372 1439 1447 editur,
1471 1369 1565 1434 ctiam
1594 1369 1629 1431 in

208 1514 211 1521 ι
308 1468 486 1542 Cicerone,
516 1489 556 1530 cx
579 1456 762 1531 coniectura
788 1465 927 1542 Cuiacii,
957 1467 1210 1550 quamprimum,
1244 1479 1281 1543 ut
1302 1468 1438 1550 opinor,
1469 1465 1629 1527 libs-onum

306 1562 409 1626 MSS.
432 1552 526 1643 plane
548 1552 750 1645 confirmavit
772 1566 876 1626 codex
903 1564 1036 1646 Lugd.:
1070 1563 1165 1624 habet
1188 1562 1289 1639 enim,
1322 1584 1369 1625 ex
1397 1560 1457 1623 illo
1484 1578 1632 1642 gregem

306 1667 500 1719 oratorum.
544 1659 632 1722 lien.
1255 1688 1260 1724 τ

392 1752 435 1816 Ρ.
461 1751 532 1815 199.
556 1752 580 1815 l.
604 1751 656 1815 18.
679 1752 794 1818 Circes
816 1754 911 1815 habet
938 1751 1030 1815 etiam
1062 1753 1136 1817 661.
1165 1753 1274 1837 Lugd.
1301 1765 1333 1815 et
1358 1752 1430 1815 cod.
1461 1746 1632 1815 Ciceronis

307 1845 486 1909 Leidensis.

391 1942 433 2005 Ρ.
458 1940 577 2003 19361.
602 1940 633 2004 8.
657 1943 886 2025 Quamobrem
912 1964 1008 2017 eum,
1042 1932 1099 2003 cui
1122 1951 1283 2024 quaestor
1297 1928 1451 2032 fiteris,
1473 1936 1632 2017 6666166]
1730 1936 1731 1947 ’

306 2036 526 2120 quomobrem
554 2058 632 2098 cnm
659 2049 821 2120 quaestor
834 2036 963 2129 fueris
987 2056 1126 2098 noctuas
1147 2037 1257 2118 Lugd.
1301 2033 1451 2097 Varietas
1480 2043 1551 2095 orta
1582 2041 1634 2093 est

307 2151 348 2191 ex
370 2151 428 2215 eo,
451 2130 538 2212 quad
558 2130 656 2210 paulo
677 2130 892 2214 negligentius
912 2129 1039 2211 scripsit
1058 2126 1197 2201 Cicero,
1221 2128 1441 2213 quamobrem
1454 2126 1512 2188 cui
1525 2145 1633 2211 6666-

305 2234 380 2286 stor
390 2222 517 2315 fueris
538 2244 695 2286 accuses:
717 2225 761 2287 ci.
785 2224 931 2309 Madvig.
954 2245 1005 2305 ep.
1028 2222 1099 2285 crit.
1121 2244 1154 2303 p.
1178 2222 1237 2284 106
1260 2243 1327 2307 seq.
1361 2223 1448 2285 um.

390 2319 433 2381 P.
457 2318 531 2380 191.
555 2316 577 2380 l.
604 2321 634 2378 1.
658 2318 832 2400 Sergium]
869 2321 956 2402 Leg.
992 2316 1161 2382 Servium.
1202 2316 1292 2380 “vin
1326 2317 1497 2381 Onomast.
1531 2333 1561 2375 s.
1594 2332 1633 2375 v.
1730 2322 1731 2373 1

309 2412 447 2474 Seavms
470 2413 643 2475 Summus
667 2413 786 2475 Gunse
807 2434 843 2494 p.
868 2412 942 2476 561.
1062 2404 1068 2411 ‘
1478 2412 1486 2421 ’

327 2534 332 2553 ¹
391 2506 433 2570 P.
459 2506 578 2569 1911.
604 2508 635 2568 7.
657 2518 738 2588 post
758 2507 945 2569 seeundum
966 2502 1196 2582 consulatum]
1227 2502 1326 2589 Atqui
1352 2506 1415 2567 666
1435 2501 1537 2584 ipsum
1558 2512 1628 2578 est,

307 2602 394 2684 quod
419 2597 537 2664 Cicero
560 2600 652 2663 dicit:
688 2623 766 2663 cum
787 2601 826 2665 P.
850 2598 1047 2691 Africanus
1072 2630 1112 2643 -
1131 2611 1359 2683 posteaquam
1383 2596 1434 2660 bis
1455 2598 1576 2660 conutl
1595 2607 1632 2659 et

306 2716 428 2758 censor
442 2693 594 2786 ficerat,
628 2696 670 2759 t..
698 2698 833 2759 Cottam
858 2695 894 2757 in
922 2695 1087 2757 iudicium
1109 2694 1265 2757 vocabat:
1296 2713 1370 2755 vere
1398 2690 1496 2774 igitur
1524 2692 1631 2753 codex
1730 2730 1731 2763 ,

306 2789 416 2872 Lugd.
447 2809 516 2850 cum
545 2791 595 2852 ed.
619 2810 670 2870 pc.
695 2788 820 2850 videtur
840 2790 976 2863 habere,
1012 2800 1091 2850 ante
1116 2787 1302 2849 secumdum
1328 2787 1563 2860 consulatum
1593 2795 1632 2846 nt

274 2934 279 2941 .
302 2877 505 2966 μνημονικὸν
526 2876 707 2970 ἁμάρτημα
726 2885 757 2945 in
779 2881 937 2946 Cicerone
957 2880 1197 2964 reprehenderit
1218 2879 1423 2955 scholiastes,
1449 2877 1499 2940 vel
1521 2877 1632 2958 potitus

306 2994 401 3037 verus
425 2974 604 3050 Asconius,
630 2997 670 3039 ex
694 2999 758 3060 quo
783 2977 862 3039 hacc
886 2989 1037 3060 excerpta
1060 2987 1144 3038 sum.
1189 2976 1300 3057 Neque
1322 2972 1437 3036 iniusta
1459 2969 1560 3033 luisse
1582 2971 1632 3033 vi-

307 3069 399 3130 detur
415 3070 640 3151 reprehensi03
664 3092 725 3154 qua
746 3074 789 3151 16,
806 3092 842 3134 cc
863 3070 935 3133 vide
952 3073 1158 3152 disputantem
1175 3068 1353 3132 Ferentium
1376 3068 1416 3128 ad
1436 3066 1469 3128 h.
1490 3064 1515 3131 l.
1538 3065 1630 3128 Rsn.
1730 3086 1731 3089 ’

391 3162 432 3225 Ρ.
457 3163 529 3224 136.
555 3162 576 3224 l.
601 3164 632 3226 8.
657 3177 774 3227 noster
796 3165 948 3246 nostrae]
972 3176 1089 3229 noster
1110 3175 1243 3226 uestrae
1267 3163 1368 3225 Goth.

392 3255 433 3317 P.
459 3255 530 3320 136.
555 3256 577 3317 Ι.
602 3258 633 3319 9.
658 3258 820 3321 Diuidere
841 3258 980 3341 argenti
1001 3278 1159 3320 nummos
1188 3255 1285 3336 dicit]
1312 3256 1478 3318 divisisset
1504 3273 1624 3336 arges-

307 3345 435 3410 tinum:
463 3370 548 3413 mox
569 3350 662 3413 dixit
685 3353 787 3417 Goth.

393 3443 435 3505 P.
463 3444 581 3506 110.1.
607 3446 659 3507 15.
684 3447 832 3527 Naeuio]
863 3467 962 3509 nemo
985 3447 1087 3511 Goth.
1119 3480 1159 3492 -
1193 3466 1292 3508 nemo
1314 3454 1417 3508 auum
1439 3463 1458 3504 a
1479 3442 1581 3521 qeoio
1600 3440 1632 3504 in

307 3537 442 3597 membr.
465 3536 624 3599 minimum
648 3539 765 3601 differt.
813 3541 944 3627 Inconq.

393 3630 434 3692 P.
459 3630 532 3693 111.
556 3631 579 3694 l.
606 3634 656 3695 17.
680 3632 837 3697 additum
858 3638 937 3716 (nou
959 3636 1152 3718 addictum)
1173 3636 1269 3698 habet
1290 3630 1383 3695 etiam
1406 3631 1517 3716 Lugd.

391 3725 433 3787 P.
459 3725 532 3787 176.
556 3724 578 3786 l.
604 3726 624 3786 1
646 3748 712 3810 seq.
736 3726 907 3805 Consentit
929 3732 1003 3794 cod.
1026 3732 1136 3815 Lugd.
1160 3751 1230 3791 eum
1254 3730 1304 3790 ed.
1325 3726 1429 3808 princ.

392 3818 435 3880 P.
460 3818 533 3880 183.
556 3818 579 3880 l.
606 3819 657 3882 19.
681 3842 704 3881 6
729 3823 874 3905 Dianio]
905 3822 1087 3907 Adscripsit
1111 3822 1246 3905 margini
1271 3824 1343 3884 cod.
1370 3820 1478 3903 Lugd.
1504 3817 1654 3902 antiqua-

307 3931 434 3972 msnus:
469 3910 653 3989 Dianium,
684 3917 867 3999 oppidum,
896 3917 995 3980 cuius
1023 3916 1205 3999 uestigium
1231 3915 1333 3978 hodie
1354 3900 1482 3977 dicitur
1503 3913 1634 3977 Deuia.
1730 3906 1731 3933 i

392 4006 436 4068 Ρ.
460 4007 532 4069 195.
557 4005 580 4068 l.
606 4007 658 4070 13.
681 4011 795 4092 Eques
822 4014 999 4076 Romanus
1020 4011 1224 4094 publicanus
1252 4007 1327 4090 cet]
1362 4007 1530 4073 Consentit
1559 4010 1635 4070 cod.

310 4099 418 4182 Lugd.
444 4120 513 4162 cum
535 4101 628 4165 editt.
648 4103 795 4186 antiquis.
819 4138 860 4149 -
883 4107 1069 4188 Legendum
1091 4115 1167 4186 post
1187 4103 1411 4185 publicanus:
1432 4115 1493 4166 aut
1513 4100 1635 4185 potitus

305 4212 436 4274 parcus
457 4204 490 4255 et
513 4204 680 4270 attentus,
705 4218 772 4280 quo
796 4200 908 4281 magis
931 4211 1014 4261 cet.:
1038 4209 1072 4260 ut
1095 4200 1157 4261 666
1180 4207 1324 4271 uincent,
1349 4211 1536 4279 corruptum
1562 4216 1635 4259 esse

309 4283 386 4346 illud
410 4288 541 4348 verbum
560 4289 783 4370 publicanus,
808 4293 979 4376 meliusque
1001 4291 1083 4377 legi,
1105 4312 1235 4375 parcus
1255 4294 1289 4353 et
1309 4301 1482 4354 attentus:
1515 4291 1632 4373 idque,

310 4388 345 4438 ut
374 4378 517 4459 equidem
541 4394 638 4464 puto,
669 4404 743 4446 vere
770 4398 934 4449 monetur:
974 4385 1079 4448 omnia
1103 4385 1185 4447 enim
1211 4387 1307 4447 verba
1331 4386 1416 4465 apud
1441 4384 1635 4448 Ciceronem
1730 4456 1731 4465 ἶ

310 4470 345 4531 6.
369 4470 390 4534 Ι.
412 4476 589 4554 composita
613 4488 685 4540 sunt
709 4482 748 4541 ad
770 4483 943 4563 augendam
963 4479 1012 4541 rei
1031 4478 1269 4564 indignitatem:
1283 4478 1512 4560 'psthlicanum
1529 4489 1637 4539 autem

311 4565 352 4625 cd
378 4567 573 4632 meietnic'em
603 4572 744 4650 venisse,
776 4574 805 4636 in
837 4595 876 4638 66
902 4574 979 4636 nihil
1006 4587 1075 4637 erat
1101 4577 1180 4637 adeo
1202 4572 1387 4656 indignumt
1422 4570 1530 4655 itaque
1552 4580 1636 4651 puto

312 4653 505 4721 Ciceronem
531 4664 713 4746 scripsisse:
746 4667 848 4734 Venit
869 4668 916 4729 61
938 4668 1155 4732 Chelidonem
1178 4670 1216 4732 0.
1242 4665 1418 4740 Mustius,
1441 4683 1544 4749 eques
1562 4665 1637 4726 Ro·

312 4770 435 4815 manus
452 4774 582 4839 parcus
602 4769 636 4824 et
657 4772 826 4837 attentus.
850 4764 1052 4834 homocum
1069 4761 1196 4853 primis
1216 4762 1380 4828 honestus
1401 4768 1465 4827 cet.
1500 4758 1586 4825 1116.
