3214 5586
202 365 266 429 260
689 362 841 431 INDEX
862 362 1045 431 LEGUM.

204 527 278 571 nere
301 504 404 569 alieno
427 524 602 587 oppressus
624 504 790 585 pecuniam
813 516 983 587 acceperat
1005 526 1023 569 a
1046 500 1206 580 Caeam,
1237 523 1277 567 ne
1299 500 1360 568 sibi
1381 503 1414 568 in
1437 503 1539 569 tribu·

205 612 281 666 natu
306 602 540 664 adversaretur.
583 599 677 662 Hadc
698 602 872 663 mercedem
896 620 935 662 ne
954 599 1079 663 frustra
1102 596 1262 680 accepisse
1284 609 1316 662 et
1332 598 1542 681 Pompeianis

205 695 309 778 aliqua
339 693 463 761 ratione
494 692 660 757 adversari
690 693 874 771 rideretur,
906 690 994 779 quod
1019 693 1113 758 facile
1139 691 1356 778 intelligebat,
1388 714 1445 756 ens
1467 693 1544 756 bule

204 788 269 875 legi
296 801 537 906 repugnaturos
559 809 650 852 esse.
685 786 862 900 Eeopyeiro
890 782 1086 876 βαρυτάτας
1113 781 1199 854 ὁδῶν
1220 788 1387 854 πολλῶν’
1371 781 1547 865 ιπισκευός

204 906 239 948 τι
269 888 325 949 καὶ
352 877 575 960 κατασκευάς,
606 886 661 948 καὶ
689 878 793 949 αὑτὸν
821 878 1001 962 ἐπιστάτην
1028 878 1137 949 αὐτῶν
1164 882 1215 946 ἐπὶ
1242 887 1413 959 πενταετὲς
1440 871 1546 947 εἶναι·

205 998 288 1061 quae
311 979 409 1039 verba
432 975 525 1039 simtu
528 975 667 1039 tudinem
690 974 757 1039 eins
780 997 850 1038 cnm
873 976 1020 1041 Seruilia
1041 974 1189 1061 agraria
1202 974 1298 1039 Rulli
1316 974 1392 1037 satie
1412 976 1548 1039 demon·

205 1081 321 1133 strant.
366 1070 425 1154 [Ut
449 1069 531 1134 enim
554 1070 596 1132 Ρ.
617 1069 774 1133 Servilius
800 1069 951 1133 Rullus
941 1092 974 1133 in
995 1091 1031 1134 ea
1053 1070 1143 1152 lege,
1174 1088 1268 1153 quam
1295 1071 1336 1132 de
1355 1068 1442 1154 agris
1463 1068 1548 1131 diri-

207 1164 314 1227 dendis
345 1164 376 1228 in
403 1164 564 1227 tribunatu
587 1162 676 1227 serre
699 1174 834 1228 conatus
857 1175 925 1238 est,
960 1165 1026 1227 hoc
1054 1162 1165 1244 petiit,
1196 1174 1230 1225 ut
1254 1162 1322 1245 ipre
1348 1163 1472 1245 primus
1495 1164 1548 1225 de·

207 1258 346 1334 cemvir,
371 1257 425 1341 qui
447 1278 544 1343 agros
560 1256 736 1332 divideret,
762 1268 946 1321 creareturr
970 1257 1044 1320 item
1060 1255 1181 1333 Curio,
1206 1278 1276 1319 cum
1294 1255 1425 1320 viariam
1441 1257 1546 1341 legem

206 1350 327 1429 ferret,
362 1373 428 1415 cam
452 1352 545 1415 sibi'
535 1373 606 1435 ipse
632 1352 831 1417 curationem
859 1352 889 1414 in
914 1350 1165 1435 quinquennium
1193 1351 1345 1431 petebat3
1377 1352 1467 1435 quod
1490 1368 1547 1432 per

208 1447 298 1530 leges
330 1468 393 1511 non
423 1446 520 1518 licere
551 1445 709 1511 Cicero
700 1468 731 1509 in
763 1444 888 1531 agraria
917 1445 966 1508 ll.
989 1445 1022 1508 8.
1046 1445 1200 1507 declarat.
1224 1444 1436 1551 Mauortem]
1483 1446 1546 1507 Sed

207 1540 347 1604 sortasse
371 1541 465 1604 etiam
491 1543 597 1604 eadem
625 1552 810 1604 ornamenta
833 1532 1018 1622 potestatis,
1044 1541 1175 1602 eandem
1198 1550 1388 1621 potestatem
1410 1538 1443 1601 in
1466 1559 1545 1621 pro·

210 1633 320 1698 vinciis
347 1635 450 1710 dedit,
484 1656 577 1720 quarn
603 1638 663 1699 lex
692 1634 850 1700 servitia.
896 1634 949 1696 Ex
979 1654 1032 1716 ep.
1063 1636 1103 1695 ed
1130 1633 1203 1696 An.
1228 1633 1293 1696 Vl.
1318 1638 1350 1697 1.
1379 1644 1443 1697 eet.
1469 1631 1545 1695 mibi

211 1727 336 1791 videtur
358 1728 467 1815 colligi
487 1749 601 1810 posse,
626 1729 833 1794 constitutum
858 1726 959 1791 luisse
980 1727 1119 1813 vectigal
1135 1727 1262 1792 aerario
1277 1727 1490 1803 solvendum,
1513 1727 1544 1791 in

209 1821 372 1899 vehicula,
396 1826 522 1904 esseda,
544 1825 677 1901 rhedas,
701 1822 846 1898 lecticas‘,
873 1841 976 1906 equos
1000 1833 1088 1898 etc.,
1107 1821 1223 1906 quibus
1238 1821 1269 1885 in
1289 1821 1457 1885 itineribus
1477 1833 1547 1884 ute·

209 1928 337 1992 rentur,
361 1928 395 1980 ut
417 1938 453 1981 ea
474 1918 609 2001 pecunia
633 1917 664 1980 in
692 1915 751 1980 viis
778 1916 953 1980 muniendis
978 1928 1234 1979 consumeretur.
1279 1916 1360 1978 Nam
1383 1937 1456 1979 erim
1477 1917 1549 1979 Ve-

210 2009 279 2072 dius
303 2008 454 2074 Ciceroni
480 2011 596 2076 obvius
620 2010 724 2074 lactare
748 2023 831 2074 esset
857 2032 928 2074 cunr
951 2011 1076 2074 duobus
1101 2009 1222 2075 essedis
1247 2021 1279 2073 et
1305 2010 1421 2088 rbedr,
1457 2011 1548 2095 equis

208 2103 330 2180 iuncta,
349 2116 389 2187 =et
412 2106 521 2169 lectica
548 2117 579 2168 et
602 2106 719 2169 lamilia
747 2126 879 2190 magna;
910 2106 1027 2171 horum
1054 2124 1150 2168 cansa
1173 2102 1249 2167 dicit
1272 2102 1411 2183 Cicero,
1437 2104 1548 2170 Vedio

209 2202 395 2275 soluendum
419 2201 552 2286 exlege
583 2199 755 2277 Curionis,
790 2199 817 2263 ri
837 2200 1036 2284 perferatur,
1069 2201 1217 2265 sestertia
1243 2210 1386 2265 centena.
1428 2200 1472 2264 Id
1497 2221 1549 2264 re·

209 2295 306 2381 ctigal
328 2296 429 2359 simile
454 2295 568 2360 suisset
598 2319 638 2360 ex
662 2306 754 2378 parte
780 2295 825 2372 ei,
860 2298 949 2380 quod
976 2318 1034 2360 nos
1065 2294 1199 2358 dicimus
1221 2294 1370 2371 Geleite,
1405 2295 1548 2379 quodin

210 2389 483 2453 viasmnniendas
507 2389 718 2472 impenditur,
752 2391 816 2454 hoc
841 2402 930 2454 certe
956 2393 1016 2453 sub
1038 2390 1133 2453 titulo
1157 2388 1245 2474 exigi
1267 2389 1362 2453 solet.
1408 2388 1546 2469 Quidam

207 2484 290 2547 heua
312 2484 414 2569 legem
445 2486 525 2548 male
551 2484 732 2551 Vivarium
758 2495 813 2547 ant
838 2483 1021 2550 Vinariam
1052 2495 1106 2547 aut
1137 2482 1339 2549 Vineariam
1367 2482 1545 2565 appellant.

209 2599 243 2641 v.
268 2576 472 2642 Conterenus
501 2581 540 2641 de
563 2579 675 2641 Frum.
700 2578 803 2663 Larg.
832 2597 863 2640 e.
893 2578 927 2642 9.
951 2578 1045 2661 Lips.
1068 2580 1177 2643 Elect.
1200 2576 1229 2642 Ι.
1249 2576 1283 2640 8.
1320 2578 1407 2641 Enu.
1454 2578 1544 2642 Miro

210 2692 325 2736 errore
352 2675 488 2757 Pighius
510 2674 593 2736 hanc
614 2671 763 2736 viariam
788 2672 893 2756 legem
917 2670 1032 2736 tribuit
1053 2675 1093 2738 0.
1116 2671 1298 2738 Scribonio
1318 2670 1468 2737 Carioni
1490 2672 1544 2735 tri·

210 2768 297 2830 buno
319 2766 421 2850 plebis
441 2788 474 2830 a.
498 2788 531 2832 u.
554 2767 650 2844 663..
674 2788 744 2829 cum
769 2763 899 2830 Caelius
925 2765 959 2830 in
977 2766 1114 2850 epistola
1136 2788 1195 2832 sua
1214 2767 1333 2850 scripta
1356 2786 1388 2830 a.
1411 2788 1449 2830 u.
1475 2768 1543 2831 70³.

210 2860 325 2923 diserte
347 2860 447 2925 dicat:
473 2862 576 2936 ,Hoc
598 2863 735 2925 nondum
757 2860 881 2925 lecerat
901 2857 1052 2947 (Curio),
1076 2884 1147 2927 cunr
1168 2860 1309 2946 priorem
1330 2872 1459 2946 partem
1483 2861 1542 2947 epi·

210 2956 313 3019 stolae
334 2954 483 3039 scripsi.''

379 3115 561 3179 Scnrnoutn
583 3113 824 3192 alimentaria,

209 3234 349 3301 fortasse
376 3239 414 3299 dc
441 3236 604 3300 frumento
629 3236 715 3321 plebi
745 3236 845 3322 gratis
874 3235 1065 3314 dividundo,
1100 3248 1137 3301 ut
1167 3236 1348 3305 inlimornm
1383 3241 1522 3307 hominu

207 3330 308 3395 studia
333 3329 393 3394 sibi
417 3342 636 3414 compararet,
661 3334 750 3418 quod
765 3344 856 3395 antea
877 3353 1006 3418 quoque
1022 3331 1165 3398 seditiosi
1186 3333 1308 3398 tribuni
1330 3334 1461 3418 plebis,
1475 3331 1522 3419 pti·

211 3446 293 3488 mum
317 3420 359 3490 C.
377 3425 560 3500 Gracchus,
586 3424 700 3489 deinde
723 3425 929 3504 Saturninus,
954 3437 1121 3510 postremo
1137 3427 1180 3493 Ρ.
1197 3426 1348 3506 Clodius,
1376 3423 1528 3496 Cinerotit

211 3516 374 3597 inimicus,
398 3529 589 3584 tentaverat.
626 3519 823 3584 Mercurios.

577 3679 773 3744 Snmrnonrn
795 3677 837 3743 de
856 3678 1006 3763 pecunia
1025 3680 1170 3745 credita.

297 3799 470 3883 „instabat
492 3820 568 3865 cura
593 3800 653 3863 alin
676 3804 720 3881 (a.
743 3822 777 3864 ιι.
799 3800 895 3882 560.)
917 3803 1004 3886 quod
1030 3801 1142 3866 civitas
1164 3802 1277 3869 fenore
1297 3805 1537 3884 laborabat,et

212 3896 301 3979 quod
322 3916 392 3958 cum
412 3895 517 3958 multis
534 3894 720 3959 lencbribus
736 3893 862 3981 legibue
879 3894 1053 3960 constricta
1073 3896 1206 3962 avaritia
1228 3902 1328 3978 estet,
1352 3902 1406 3964 via
1421 3899 1538 3969 team

211 3987 286 4052 inita
309 3999 396 4066 erat,
423 4000 456 4051 ut
483 3989 513 4053 in
535 3990 662 4065 socios,
686 3988 827 4075 quinon
850 4002 1037 4054 tenerentur
1058 3990 1097 4057 iis
1122 3991 1264 4079 legibus,
1287 3993 1418 4060 nomina
1440 4008 1540 4061 aens·

211 4084 409 4148 scriberente
434 4083 477 4147 ita
499 4083 601 4149 libero
623 4083 737 4148 lenone
759 4086 940 4149 obruebant
961 4084 1143 4152 debitores.
1168 4087 1256 4150 euius
1278 4090 1455 4154 co'e‘rcendi
1476 4109 1540 4154 cun

213 4176 297 4241 ratio
319 4189 549 4260 qrraereretur,
574 4178 655 4241 diem
679 4177 763 4242 liniri
785 4178 906 4262 placuit
926 4179 1053 4243 Feralia
1074 4200 1157 4265 quae
1170 4181 1317 4263 proxime
1331 4182 1492 4261 iniissent,
1514 4193 1542 4244 nt

214 4269 270 4354 qrri
294 4283 370 4352 post
398 4293 465 4336 eam
489 4272 571 4335 diem
597 4271 679 4336 socii
702 4273 825 4337 civibus
848 4272 1002 4338 Romanis
1026 4274 1234 4339 credidissent
1254 4277 1422 4358 pecunias,
1447 4277 1542 4363 prob

213 4373 374 4439 terantur,
399 4378 494 4430 etex
520 4388 555 4429 ea
579 4365 629 4432 die
651 4366 803 4449 pecuniae
826 4366 982 4444 creditae,
1008 4367 1124 4453 quibus
1150 4369 1279 4434 debitor
1305 4372 1402 4438 vellet
1422 4375 1543 4463 tegite·

212 4456 263 4520 ius
285 4460 439 4525 creditori
460 4462 668 4524 redderetur.
691 4460 765 4524 inde
786 4472 957 4547 postquam
981 4462 1239 4544 professionibus
1258 4468 1381 4531 detecta
1406 4481 1458 4533 est
1485 4487 1542 4530 ma·

213 4551 349 4637 gnitudo
372 4553 453 4617 aeris
476 4553 570 4617 alieni
592 4556 754 4637 perbene
775 4553 920 4619 fraudem
945 4557 1118 4634 contracti,
1140 4560 1198 4627 M
1215 4561 1541 4667 Sempronianam·

213 4644 370 4728 aldonus)
391 4646 662 4730 tribunusplebis
684 4670 725 4713 ex
750 4649 941 4715 auctoritate
955 4660 1082 4732 patrum
1103 4652 1228 4736 plebem
1245 4653 1401 4739 rogarit,
1416 4656 1539 4738 plebu-

214 4759 277 4822 que
299 4740 409 4818 scivit,
439 4754 479 4806 ut
504 4763 583 4806 cum
612 4743 715 4806 sociis
741 4763 783 4806 ac
811 4744 949 4809 nomine
976 4744 1105 4821 Latino
1121 4747 1292 4831 pecuniae
1316 4747 1503 4821 creditae
1488 4765 1539 4812 uer

211 4830 305 4898 idem
323 4834 417 4921 quod
435 4858 515 4901 cum
535 4837 665 4903 civibus
685 4835 854 4904 Romanis
874 4836 998 4902 ιιιιοῑ.υ
1041 4839 1120 4905 Liv.
1142 4841 1297 4907 XXXV.
1321 4844 1353 4907 7.
