3220 5572
468 431 619 499 INDEX
639 433 823 500 LEGUM.
921 482 933 507 ,
1243 433 1303 497 137

58 596 131 639 rnen
145 576 335 639 Tolosanum
355 572 422 655 [Sic
448 571 563 659 scripsi
589 594 652 656 pro
680 573 760 639 dolo
787 593 844 639 an.
873 558 934 640 cf.l
948 574 987 637 de
1008 570 1085 637 Nat.
1111 573 1214 638 Deor.
1235 572 1304 638 ΙΙΙ.

60 670 100 743 ll,
117 668 163 749 tt]
178 669 289 732 scelere
314 665 486 749 Caepionis
510 678 634 750 partum
659 668 699 729 ad
722 667 911 750 emptionem
935 687 1089 752 agrorum
1113 664 1306 731 convertit.''

57 761 157 826 Aurelius
172 760 280 827 Victor
300 763 339 824 de
359 760 437 824 viris
456 760 574 824 illustr.
597 782 628 823 c.
652 760 704 822 73.
734 794 776 809 -
811 760 1019 843 „Spoletinus
1047 763 1090 824 T.
1120 761 1306 836 Matrinius,

57 875 108 916 urm
121 874 152 916 ru
165 852 213 928 iis,
233 875 314 938 quens
329 844 380 918 C.
404 851 676 917 Marius.civitate
696 856 860 929 donasset,
884 853 963 916 dixit
982 868 1105 917 carneam
1125 876 1166 918 ex
1181 853 1308 919 colonia

53 947 129 1011 tana
144 947 169 1010 in
185 947 288 1031 primia
301 947 392 1010 firma
407 957 440 1010 et
452 945 581 1011 illustri.
627 946 730 1025 Quem
745 968 815 1009 cum
832 946 966 1011 disertus
981 949 1078 1014 bomo
1094 950 1136 1011 L.
1150 946 1308 1011 Antistius

50 1052 183 1115 amant,
203 1062 263 1104 non
288 1041 387 1121 dixit,
410 1042 540 1105 fundum
555 1041 709 1124 populum
725 1040 923 1123 Spoletinum
944 1064 1008 1105 nou
1030 1064 1099 1105 esse
1114 1042 1246 1117 lactum,
1266 1071 1307 1082 -

49 1132 229 1210 ridebatenim,
244 1134 384 1218 populos
399 1138 437 1198 de
449 1154 510 1201 suo
520 1133 610 1211 iure,
627 1155 691 1198 nou
710 1137 749 1197 de
762 1126 894 1212 nostro,
914 1135 1032 1200 suuudos
1043 1136 1117 1199 lieri
1131 1133 1253 1208 solere;
1266 1169 1308 1183 --

46 1228 96 1299 red,
120 1248 177 1289 eum
196 1227 263 1312 lege
282 1227 457 1312 Appuleia
476 1227 623 1292 coloniae
645 1248 709 1291 non
732 1238 836 1291 essent
860 1231 1028 1305 deductae,
1062 1250 1125 1313 qua
1150 1229 1222 1310 lege
1245 1230 1308 1291 Sa·

44 1320 350 1386 immurmuratio
375 1321 509 1398 tulerat,
541 1332 576 1383 ut
598 1320 628 1384 in
654 1320 794 1405 singulas
821 1321 964 1387 colonias
989 1335 1098 1386 ternos
1117 1321 1213 1383 'cives
1240 1321 1310 1383 Ro-

44 1431 124 1474 nmos
145 1413 237 1478 lacere
265 1425 396 1497 posset,
431 1416 569 1498 negabat
598 1417 661 1478 boc
688 1414 873 1479 beneficium
905 1415 1032 1499 reipsa
1058 1414 1181 1478 sublata
1204 1413 1310 1477 valere

42 1505 155 1568 debere.’¹
191 1528 249 1589 pro
272 1509 379 1572 Balbo
401 1509 460 1583 21,
485 1507 538 1572 48.

101 1600 229 1664 Fortasse
246 1602 364 1665 rectius
387 1612 419 1666 et
444 1603 523 1664 hanc
546 1600 651 1685 legem
672 1612 704 1663 et
729 1623 818 1677 eam,
842 1622 923 1686 quae
946 1612 1061 1668 auctor
1080 1605 1119 1667 de
1142 1602 1218 1666 viris
1237 1601 1311 1665 illu·

43 1692 127 1755 obn
147 1697 211 1760 eod.
231 1715 305 1777 cap.
329 1706 481 1775 memorat
501 1697 582 1775 („L.
605 1695 791 1778 Appraleine
815 1697 1025 1761 Saturninus
1045 1697 1190 1761 tribunus
1210 1694 1310 1778 plebis

41 1784 181 1863 mense,
212 1799 245 1850 ut
268 1788 404 1871 gretiam
431 1786 654 1851 Marianorum
681 1787 813 1852 militum
840 1801 987 1870 pararet,
1018 1789 1120 1874 legem
1151 1790 1237 1865 tulit,
1271 1800 1312 1851 nt
1430 1820 1435 1825 ·

40 1881 164 1945 meronie
174 1894 314 1945 centena
328 1882 410 1966 agri
426 1881 551 1965 iugera
566 1880 603 1943 in
624 1879 755 1971 Africa
769 1882 1013 1951 dividerentur.
1058 1884 1310 1946 intercedentem

42 1968 151 2035 Baebium
163 1974 313 2059 collegam
335 1975 420 2038 saeta
440 1995 500 2057 per
519 1975 671 2055 populum
691 1975 882 2056 lapidatione
897 1975 1125 2058 submovit.’')‚
1146 1977 1310 2061 agrariae

44 2062 97 2146 legia
112 2067 196 2150 cupita
216 2068 339 2132 dixeris
362 2067 412 2132 vel
434 2069 527 2132 etiam
550 2069 607 2131 bas
627 2067 713 2151 ipsas
735 2070 901 2154 agrarias
921 2071 1010 2156 leges
1031 2068 1258 2137 nominaveris.

162 2187 333 2252 Acronum
355 2189 397 2252 de
419 2189 608 2253 maiestate.

104 2288 172 2367 „lam
193 2290 268 2375 quid
286 2302 439 2369 vocetur,
463 2293 645 2376 quaeritur,
669 2314 760 2369 cuum,
784 2315 850 2377 quo
871 2294 974 2357 verbo
995 2293 1073 2377 quid
1090 2293 1312 2377 appellandum

53 2374 293 2453 tllmnntenditur:
321 2397 356 2449 ut
382 2380 456 2448 mihi
483 2384 545 2467 ipsi
570 2407 639 2448 eum
662 2389 726 2451 hoc
750 2386 892 2470 Sulpicio
913 2386 973 2449 suit
994 2389 1026 2449 in
1052 2388 1197 2451 Norbani
1220 2407 1314 2449 carisa

10 2470 12 2479 ’
51 2490 126 2537 mune
145 2478 317 2543 eontentio.
361 2479 522 2563 Pleraque
543 2478 625 2541 enim
655 2484 693 2544 de
720 2480 774 2555 iis,
809 2501 889 2563 quiae
916 2482 957 2542 ab
981 2479 1046 2543 isto
1068 2480 1311 2551 obiiciebuutur.

48 2571 271 2649 nueomuerer,
304 2585 408 2635 tamen
434 2575 473 2635 ab
499 2570 554 2636 illo
582 2574 773 2636 maiestatem
802 2573 1147 2656 minutamncgabam:
1182 2595 1223 2636 ex
1248 2593 1313 2656 quo

47 2659 114 2723 tttbo
138 2664 199 2748 lege
227 2667 403 2751 Appuleia
429 2677 496 2730 tota
530 2666 581 2728 illa
615 2690 709 2730 carisa
740 2665 934 2751 pendebat.”
987 2669 1025 2728 de
1053 2668 1147 2730 Orat.
1176 2667 1224 2731 ΙΙ.
1255 2666 1313 2741 25,
1417 2718 1420 2731 .

47 2748 94 2813 llll·
109 2785 141 2800 -
158 2760 214 2831 ,ln
234 2760 288 2824 illa
315 2759 399 2823 omni
422 2759 604 2824 defensione
627 2774 721 2846 atque
744 2782 856 2837 causa,
880 2760 969 2844 quuod
990 2781 1058 2822 esse
1080 2759 1111 2822 iu
1137 2772 1204 2823 arte
1225 2758 1315 2842 posi·

48 2844 263 2929 invidebatur,
294 2865 331 2916 ut
353 2854 391 2915 de
413 2852 486 2938 lege
507 2855 678 2936 Appuleia
701 2854 857 2928 dicerem,
888 2863 941 2929 ut,
971 2852 1047 2938 quid
1069 2866 1151 2916 esset
1173 2853 1313 2917 minuere

12 2966 13 2969 ¹
49 2934 202 3020 finitatem,
237 2946 450 3030 explicarem,
486 2967 638 3032 perquam
672 2948 815 3012 breviter
849 2944 1026 3031 perstrinxi
1058 2956 1153 3032 atque
1189 2946 1313 3031 anigir·

48 3026 74 3089 lt
87 3031 157 3098 Oret.
176 3038 223 3102 ll.
247 3043 309 3116 49,
333 3042 407 3103 201.

100 3125 213 3212 Pighius
238 3134 359 3198 Annal.
387 3134 486 3198 Rom.
516 3136 559 3197 T.
583 3136 650 3199 111.
674 3157 707 3217 p.
731 3134 804 3198 163.
832 3134 924 3197 latam
955 3136 1036 3199 aL.
1060 3133 1231 3217 Appuleio
1252 3136 1316 3198 na·
1400 3091 1404 3097 ·

45 3217 145 3286 turnino
168 3226 293 3293 tribuno
320 3227 424 3310 plebis
446 3226 593 3309 opinatur
622 3249 652 3292 a.
674 3251 706 3291 u.
730 3229 804 3291 bil.
829 3227 998 3293 occasione
1023 3239 1162 3292 motuum
1192 3229 1316 3292 Romae

12 3312 14 3315 ’
45 3323 199 3409 tantorum,
227 3342 299 3384 cum
324 3319 448 3385 Cimbri
469 3319 624 3403 superatis
646 3320 841 3384 Tridentium
861 3321 999 3404 Alpibus
1024 3323 1063 3384 ad
1087 3321 1231 3385 Athesim
1254 3321 1315 3384 llu-

46 3416 102 3465 ll¹¹¹¹¹
121 3407 155 3487 Q.
179 3406 284 3483 Catuli
304 3414 507 3495 proconsulis
533 3425 636 3477 castra
663 3426 694 3477 et
715 3414 888 3476 exereitum
910 3413 1111 3492 invaderent,
1138 3426 1171 3478 et
1194 3413 1316 3496 equites

48 3488 143 3567 tumui
168 3506 273 3588 plures
306 3506 424 3589 impetu
454 3508 593 3572 hostium
626 3507 788 3589 praesidiis
822 3506 888 3570 suis
920 3507 1002 3589 pulsi
1033 3510 1160 3571 deserto
1199 3506 1317 3572 Catulo

49 3587 118 3665 urin
133 3601 231 3663 urbem
249 3602 331 3686 suga
352 3612 552 3683 repeterent:
576 3624 640 3685 quo
660 3602 748 3664 sacto
772 3599 915 3663 maiestas
934 3600 1048 3683 populi
1065 3600 1201 3664 Romani
1220 3602 1317 3664 vehe-

51 3692 129 3775 Ffftler
145 3691 298 3758 inminuta
322 3696 408 3758 haud
433 3695 526 3758 dubie
553 3695 720 3759 ridebatur
742 3695 858 3780 ubique
882 3694 1040 3779 gentium,
1075 3717 1134 3758 nee
1163 3694 1262 3757 minus
1285 3693 1315 3756 in

54 3784 171 3848 neurus
192 3789 315 3865 Roma,
348 3812 418 3853 cum
444 3789 475 3853 iu
502 3800 587 3853 tanta
613 3789 825 3871 trepidatione
851 3786 989 3852 civitatis
1019 3789 1109 3872 quies
1135 3788 1228 3872 valde
1251 3796 1320 3848 tur·

54 3855 214 3948 balnissa.
258 3884 348 3947 ldem
370 3894 472 3945 tamen
496 3883 659 3967 aliquanto
687 3880 886 3965 probabilius
916 3882 955 3943 ad
980 3903 1093 3944 annuum
1119 3902 1152 3942 u.
1181 3900 1211 3941 c.
1241 3877 1316 3940 653.

56 3948 118 4040 lell·
132 3970 168 4034 de
188 3976 366 4045 maiestate
387 3977 479 4039 latam
500 3998 568 4040 esse
588 3977 682 4053 dixit,
704 3988 738 4040 ut
753 3975 869 4038 ceteris
890 3974 1053 4038 Saturnini
1073 3972 1199 4058 legibus
1221 3972 1319 4033 adde·

54 4059 256 4146 lllltsauctio,
280 4083 314 4133 et
337 4072 418 4132 banc
438 4071 510 4134 vsere
538 4068 606 4133 eius
634 4069 732 4137 luisse
754 4068 943 4132 formulam:
977 4068 1030 4130 nti
1050 4065 1143 4152 qaod
1163 4063 1319 4128 tributim
1351 4110 1354 4117 -

48 4142 125 4225 phin
140 4156 286 4226 testreet
303 4166 471 4247 populum
491 4174 643 4235 teneretr
663 4163 802 4226 tribuno
819 4161 952 4245 plebem
973 4160 1114 4242 roganti
1134 4159 1193 4245 qni
1213 4158 1318 4223 obsti·

48 4238 102 4303 ‘ml
123 4251 299 4325 maiestatis
329 4278 410 4320 rena
438 4267 545 4332 esset,
582 4257 699 4341 atique
728 4255 821 4345 qnod
844 4254 960 4337 plebea
992 4253 1146 4318 scivisset
1178 4263 1319 4317 senatres

47 4325 113 4429 lutra
127 4345 269 4425 mineum
290 4349 381 4414 diem
402 4350 477 4415 eina
496 4362 620 4415 auctor
632 4348 745 4428 fieret
762 4348 1041 4432 plebiscitnmpne
1055 4346 1166 4435 quiuis
1180 4357 1321 4411 senator

46 4436 194 4501 mr‘attento
216 4462 281 4507 ano
307 4445 504 4520 roboraret,
539 4444 599 4528 qni
624 4454 800 4507 recusaret
819 4452 944 4507 senatu
964 4452 1156 4537 moveretrer
1177 4451 1211 4504 et
1233 4440 1315 4505 XX.
1392 4474 1397 4485 ι

10 4526 12 4531 ’
48 4518 173 4594 “l‘'lffim
191 4539 329 4603 multam
348 4540 479 4623 populo
499 4538 611 4601 daret.

460 4668 631 4744 Aonunnun
652 4666 695 4730 de
716 4666 853 4733 damno.

109 4766 220 4854 nilque
243 4782 354 4845 eodem
379 4788 525 4863 tempore
551 4781 632 4863 (quo
652 4760 711 4846 Μ.
735 4780 868 4859 Brutus)
896 4788 1063 4841 accusator
1089 4778 1128 4839 de
1155 4776 1249 4859 plebe
1270 4775 1339 4836 1..

52 4841 202 4930 laedente
224 4870 302 4954 luit,
339 4895 432 4958 quem
455 4895 519 4963 ego
547 4871 656 4943 audiri
685 4872 746 4936 iam
773 4893 898 4952 senem,
936 4891 1008 4935 eum
1034 4872 1074 4935 ab
1104 4871 1147 4934 Ι..
1177 4865 1316 4939 sabelus

1508 476 1529 510 Χ
