3338 5584
767 230 780 269 N

149 348 153 357 ’
271 432 275 445 .
336 378 399 448 sos
735 364 887 450 snunx
908 385 1284 469 scailmannus„

424 522 762 605 Perscriptiones
785 536 824 589 et
846 528 1020 592 tabulae.
1044 529 1083 591 de
1106 529 1167 596 Or.
1192 530 1228 608 1,
1253 531 1311 608 58,
1336 531 1413 597 258.

425 618 682 702 Perscriptio
705 632 831 695 senatus
857 622 1006 686 consulti.
1050 624 1136 687 Vide
1157 625 1399 692 Auctoritas
1423 627 1619 712 perscripta.

424 713 628 798 Persequi
649 712 824 778 iniurias
846 737 948 780 snas.
983 716 1127 782 Divinat.
1151 720 1210 795 20,
1235 721 1288 784 61.

426 808 497 875 Pia
520 817 560 871 et
581 820 749 872 aeterna
771 809 941 892 parsit,
966 810 1105 875 formula
1129 812 1305 880 foederum.
1318 837 1391 905 ‘pro
1406 816 1505 881 Balbo
1526 818 1572 893 15,
1589 819 1621 883 35.

427 901 689 986 Pignerator
712 903 889 985 opponitur
909 905 1162 986 possessori.
1200 909 1301 972 Verr.
1325 910 1447 974 Acerra.
1470 911 1506 986 3,
1529 914 1573 986 11,
1591 914 1622 975 tt.

429 995 682 1081 Pignoribus
713 998 860 1061 ablatis
891 1009 1070 1063 senatorem
1102 1004 1268 1066 coiircere.
1294 1005 1342 1084 ,ds
1366 1004 1429 1069 Or.
1452 1004 1489 1081 3,
1513 1006 1623 1082 1,1.-

347 1090 532 1178 Pignora
555 1092 738 1154 caedere.
761 1091 847 1156 Ibid.

433 1184 616 1250 Placere.
660 1184 699 1248 In
721 1198 833 1249 senatu
856 1185 917 1253 Cn.
937 1188 1094 1252 Lentulus
1116 1201 1147 1253 et
1168 1191 1212 1254 L.
1235 1191 1495 1256 Luculluscoss.
1515 1191 1622 1254 faeiust

349 1277 591 1343 mentionem
621 1278 787 1361 placere
818 1281 961 1346 statui.
996 1283 1098 1347 Verr.
1128 1285 1250 1349 Aucus.
1280 1285 1318 1362 2,
1351 1286 1409 1362 39,
1439 1286 1490 1353 95.
1516 1286 1621 1350 -vtu

352 1371 456 1454 Quid
476 1371 574 1436 lieri
595 1373 772 1456 placeat.
1266 1426 1275 1433 .

435 1468 598 1543 Placet,
621 1466 760 1532 formula
775 1469 947 1534 senatoria.
972 1470 1116 1555 Philipp.
1143 1473 1202 1548 11,
1223 1474 1279 1550 12,
1296 1474 1349 1538 31.
1382 1476 1424 1537 ad
1444 1477 1513 1540 Au.
1529 1476 1621 1551 7,7,1.

433 1562 603 1628 Planum
625 1561 762 1626 facere
784 1563 902 1646 aliquid
927 1564 1143 1630 iudicibus.
1166 1563 1227 1650 pro
1251 1569 1294 1632 8..
1310 1570 1414 1633 Rose.
1437 1571 1510 1635 Am.
1532 1569 1621 1643 2351.

434 1654 641 1722 Plaudite.
663 1657 735 1720 Noc
745 1656 881 1739 sapienti
893 1679 993 1743 usque
1006 1661 1044 1722 ad
1057 1660 1243 1724 Plaudite
1256 1661 1438 1731 vivendum.
1463 1662 1533 1730 Cat.
1544 1664 1583 1737 19,
1594 1664 1620 1723 ll.

434 1748 572 1815 Plebis
605 1747 725 1813 scitu.
770 1751 908 1837 Neque
936 1752 1079 1837 populi
1107 1753 1218 1817 iussu
1247 1775 1372 1840 neque
1401 1757 1530 1841 plebis
1548 1757 1621 1821 scits.

351 1844 392 1906 ad
407 1834 484 1909 Au.
506 1847 543 1918 1,
568 1844 606 1919 2,
630 1844 662 1907 3.

435 1937 569 2003 Poena
591 1938 731 2021 legum.
764 1941 803 2002 de
826 1940 912 2024 Rep.
938 1943 973 2017 1,
999 1940 1038 2017 2,
1063 1942 1095 2005 3.

436 2032 596 2097 Poenae
620 2033 819 2097 multaeve
842 2055 941 2097 esse.
965 2037 1005 2098 ad
1027 2037 1099 2100 Att.
1123 2037 1162 2112 3,
1187 2037 1249 2113 23,
1273 2039 1306 2103 3.

436 2124 710 2190 Pomoeriurn.
756 2124 839 2191 Cum
856 2144 960 2213 assgur
974 2129 1088 2192 transit
1107 2133 1376 2214 pomoerium,
1401 2133 1547 2218 suspicari
1559 2133 1617 2196 delet

350 2220 390 2283 de
406 2220 450 2284 N.
466 2219 511 2285 D.
529 2219 621 2296 2,1,
640 2223 692 2283 11.
726 2220 932 2305 Inauspicato
951 2225 1198 2305 pomoerium
1214 2229 1473 2312 transgrediens,
1497 2223 1617 2306 vinoun

351 2314 600 2380 tabernaculum.
623 2316 662 2377 de
684 2313 762 2379 Dis.
789 2319 826 2393 1,
853 2319 913 2393 17,
938 2317 992 2382 33.

255 2402 261 2413 ’
435 2406 542 2473 Poni
571 2410 617 2471 ad
647 2408 918 2474 scribendum.
964 2413 1103 2477 Ponor
1135 2415 1485 2483 adscribendum.
1514 2413 1615 2478 adlu·

351 2501 387 2577 9,
420 2501 476 2582 15,
512 2502 560 2577 1.,
603 2502 659 2565 ubi
691 2503 859 2569 Manutius
891 2506 1106 2588 probabiliter
1136 2509 1291 2574 coniecit:
1329 2533 1467 2594 ponor
1497 2508 1615 2574 adfuisse

350 2595 584 2661 scribendo.

435 2688 684 2755 Pontificum
707 2693 886 2779 collegii
907 2716 1158 2781 responsum.
1182 2720 1243 2782 pro
1267 2702 1365 2766 domo
1390 2701 1449 2780 53,
1474 2703 1539 2767 137.
1571 2691 1629 2758 111

351 2784 525 2943 smptus
547 2787 753 2851 consulta.

472 2876 686 2942 ontificum
720 2883 948 2949 decretum:
992 2885 1034 2950 Si
1065 2909 1192 2972 neque
1225 2892 1367 2974 populi
1406 2890 1515 2954 iussn
1540 2897 1612 2980 nsqtt

237 2974 242 2981 '
350 2971 486 3055 plebis
508 2971 689 3050 snituis,·
711 2976 838 3061 quise
861 2979 1072 3045 dedicasse
1094 2983 1271 3061 diceret,
1299 2982 1531 3050 nominatim
1548 2978 1629 3045 ein.

350 3064 588 3147 praelectus
622 3080 730 3132 esset
763 3093 887 3158 neque
919 3075 1063 3158 populi
1095 3074 1207 3141 iussu
1237 3091 1303 3143 ant
1330 3080 1470 3163 plebis
1498 3066 1609 3140 scitnil

350 3156 483 3221 facere
504 3158 639 3223 iussus
661 3176 786 3239 esset,
811 3166 941 3249 videri
963 3189 1082 3250 posse
1097 3169 1184 3236 sine
1199 3173 1407 3260 religione
1423 3194 1499 3239 earn
1516 3178 1606 3254 pult!

352 3270 472 3315 areae
494 3251 546 3315 M.
570 3253 681 3321 Tullio
702 3257 886 3324 restitui.
920 3263 960 3324 ad
981 3265 1053 3327 Au.
1076 3265 1111 3340 1,
1144 3266 1181 3343 2,
1205 3267 1238 3331 3.

436 3344 585 3428 Populi
616 3347 775 3437 scitum.
819 3354 901 3417 Erat
924 3355 977 3418 lex
992 3357 1145 3436 Athenis,
1170 3382 1216 3425 ne
1244 3361 1332 3445 quis
1362 3352 1597 3451 populiscitu

352 3436 531 3515 faceret,
556 3451 597 3503 ut
618 3442 829 3529 quisquam
846 3467 995 3513 corona
1012 3449 1602 3543 donsr'uturinuragistratupttl

353 3532 671 3619 quamprationes
693 3540 943 3607 rettulisset:
976 3546 1127 3610 etaltera
1150 3547 1223 3612 lens
1258 3551 1357 3628 Eos,
1381 3550 1459 3636 'qui
1479 3573 1496 3614 a
1515 3532 1607 3635 p⁰l¹l‚⁰

353 3627 622 3707 donarentur,
656 3630 694 3695 in
721 3635 918 3701 contione
940 3640 1081 3703 donari
1102 3644 1271 3708 debere:
1308 3644 1378 3730 qui
1407 3667 1425 3710 a
1453 3641 1611 3709 senattsll

353 3730 508 3795 senatu.
541 3721 634 3808 ¹Opt.
657 3747 732 3810 gen.
756 3749 807 3794 or.
829 3732 864 3806 7,
891 3733 944 3796 19.
1351 3796 1358 3817 ,
1594 3792 1597 3797 »

437 3813 618 3899 Populus
641 3831 775 3886 estnon
797 3824 899 3890 omnis
919 3839 1031 3893 coetus
1053 3829 1276 3908 multitudinis,
1300 3835 1356 3897 sed
1376 3845 1484 3898 coetus
1496 3824 1560 3893 iuris
1573 3832 1614 3878 0⁰⁵·

353 3920 510 4065 mila
538 3909 680 3978 utilitatis
709 3919 932 3985 communione
961 3924 1115 3988 sociatus.
1150 3926 1188 3988 de
1218 3925 1305 4010 Rep.
1333 3927 1374 4006 3,
1404 3932 1435 3993 1.
1478 3920 1549 3987 Vult
1570 3911 1614 3975 ltu

353 4020 403 4082 pn
456 4022 528 4068 rna.

441 4097 578 4163 Porea
598 4112 811 4169 contracta
833 4103 865 4169 in
884 4105 1093 4176 funeralibus.
1122 4114 1161 4177 de
1184 4094 1294 4200 Legg.
1317 4117 1356 4193 2,
1382 4117 1440 4193 22,
1463 4112 1499 4178 55
1518 4117 1544 4171 et
1559 4100 1594 4165 ll·

166 4210 169 4223 ·
299 4236 303 4244 ‚
441 4189 608 4256 Porcam
630 4194 837 4263 sustinere
858 4199 896 4265 in
916 4201 1087 4269 foedere
1108 4207 1314 4275 feriundo.
1338 4212 1377 4275 de
1392 4212 1463 4274 lov.
1482 4206 1514 4280 2,
1534 4184 1615 4268 aaut·

313 4333 317 4346 .
438 4284 580 4351 Poeno
598 4286 746 4354 femina
767 4292 970 4375 piaculum
991 4298 1091 4381 pati.
1120 4304 1158 4365 de
1181 4303 1291 4390 Legg.
1316 4304 1352 4382 2,
1377 4304 1433 4381 22,
1456 4302 1502 4367 57.

442 4378 680 4447 Portentum
703 4400 940 4468 exportare.
974 4395 1076 4458 Verr.
1099 4398 1221 4461 Aecus.
1246 4400 1284 4474 1,
1309 4398 1367 4476 15,
1393 4400 1445 4462 10.
1591 4464 1596 4479 ‚

444 4470 679 4541 Possessio.
722 4477 766 4543 In
795 4485 1105 4564 possessionem
1133 4511 1175 4553 se
1196 4490 1255 4556 ire
1284 4492 1490 4556 iussurum.
1509 4483 1614 4562 (annu

358 4579 492 4627 surum
514 4568 668 4651 proponit
690 4572 838 4658 Zumpt.)
858 4577 1103 4661 Verr.,Aceus.
1125 4584 1161 4659 1,
1186 4584 1244 4662 18,
1268 4586 1343 4651 125.

443 4657 1040 4739 Possessioneslrereditatunr.
1086 4676 1172 4741 Vide
1196 4679 1426 4746 Secundum.
1559 4730 1563 4737 .

445 4751 670 4837 Possidere
691 4761 796 4826 bona
818 4784 866 4827 ex
888 4768 1025 4832 edicto
1046 4773 1265 4852 praetoris.
1288 4793 1351 4858 pro
1366 4768 1506 4857 Quinctio
1525 4761 1568 4831 1⁰,
1583 4739 1612 4810 ³⁶·

445 4844 606 4922 Pontem
629 4853 782 4922 aedium
805 4868 914 4927 tenet
935 4863 1121 4952 pontifex
1140 4866 1174 4932 in
1189 4866 1391 4943 dedicationis
1404 4867 1474 4934 rin.
1493 4851 1629 4963 1101111,
