3220 5572
316 352 378 417 uu
426 326 432 333 ’
550 372 554 376 .
798 350 1152 417 lucaniacum.
1201 406 1206 415 ,

314 492 431 578 quood
454 490 568 576 potuit
596 489 724 554 restitit
751 511 880 572 ugrum
909 491 1079 556 Picentem
1108 504 1142 555 et
1169 491 1339 557 Gallicum
1366 472 1479 561 uiritim
1495 514 1577 564 contre

315 598 455 652 cenatur
484 586 726 649 auctoritatem
758 585 933 649 diuidenti.
995 586 1149 665 Polybius
1178 598 1280 650 arrtem
1306 590 1493 653 Flaminium
1511 592 1578 676 legen

315 678 483 762 pertulisse
503 700 680 765 agrumque
700 678 856 743 Gallicum
878 678 1021 745 divisisse
1038 681 1135 743 tradit
1150 682 1203 745 M.
1225 682 1394 761 (Aemilio)
1415 683 1517 767 Lepido
1531 709 1578 749 rm

317 772 397 837 stile.
421 775 464 852 (a.
488 795 519 839 ιι.
544 795 575 835 c.
600 773 690 851 521.)
734 772 840 836 Nobis
861 785 964 837 autem
988 773 1087 837 visum
1105 786 1153 838 est
1167 773 1198 838 in
1216 777 1278 840 boe
1298 776 1452 843 Flaminii
1466 779 1581 845 tribunatu

224 878 226 885 ‘
317 866 539 930 constituendo
564 865 735 946 Polybium
754 866 861 948 potins
881 866 972 951 sequi
988 890 1081 952 quam
1101 868 1260 945 Tullium,
1286 870 1357 954 quia
1375 883 1528 937 ceterorum
1538 873 1580 936 eiu

316 960 555 1045 magistratuum
579 962 661 1024 ordo
680 975 713 1026 et
732 959 873 1023 distantia
891 961 921 1022 id
943 962 1105 1043 postulare
1127 963 1265 1028 videtur.
1310 966 1392 1029 Nam
1412 964 1435 1043 si
1454 980 1580 1048 praeturae

315 1056 477 1123 Flaminii
497 1054 667 1138 respicias,
702 1074 795 1138 qnam
822 1075 907 1118 enno
932 1056 1007 1121 bib.
1029 1056 1150 1142 gessit,
1181 1059 1331 1141 proiecto
1356 1059 1407 1122 hie
1426 1060 1499 1125 illius
1517 1060 1581 1122 tribu·

318 1164 410 1214 nattis
430 1149 535 1234 plebis
557 1170 620 1212 non
646 1149 807 1233 illegitime
834 1150 864 1212 in
891 1152 976 1212 hunc
1001 1172 1113 1214 annunt
1137 1151 1245 1215 incidit
1273 1164 1419 1237 quartum
1440 1166 1508 1215 ante.
1524 1175 1583 1234 pne·

315 1250 438 1305 ttrram:
475 1242 593 1325 quppe
616 1265 687 1305 cum
715 1242 782 1305 ucri
808 1242 908 1306 simile
933 1264 997 1306 non
1022 1245 1081 1323 sit,
1109 1245 1209 1326 ipsum
1233 1266 1309 1308 mox
1333 1268 1373 1309 ex
1399 1258 1456 1310 tam
1480 1245 1582 1309 sedition

317 1338 479 1400 tribunatu
506 1336 537 1399 in
565 1349 744 1418 praeturam
771 1336 952 1411 transiisse,
988 1337 1029 1416 si,
1064 1350 1099 1402 ut
1125 1361 1165 1402 ex
1195 1338 1352 1404 Cicerone
1376 1340 1537 1424 colligitur,
1560 1342 1595 1417 Q.

318 1430 423 1494 Fabio
447 1432 575 1496 censuale
598 1429 712 1493 iterum
735 1431 895 1493 tribunum
917 1431 1020 1514 plebis
1043 1432 1300 1517 agrosdivisisse
1315 1433 1460 1498 dicamus.
1478 1433 1595 1496 Pronum

825 1590 958 1653 Fusus
979 1590 1135 1677 agreria.
1203 1670 1215 1689 Ι

404 1713 584 1799 Agraria
605 1723 706 1776 autem
730 1713 932 1797 promulgata
953 1724 1001 1776 ιιι
1020 1734 1037 1776 a
1053 1714 1185 1789 Flauio,
1210 1735 1285 1778 sane
1305 1715 1404 1787 levis,
1428 1718 1522 1779 eaden
1538 1712 1589 1783 lm,

319 1811 482 1896 quaesunt
506 1808 648 1875 Ptouas'
671 1811 711 1871 ad
734 1809 805 1871 Αιι.
828 1808 857 1870 1.
883 1806 940 1884 18,
966 1808 1060 1872 6.-
1084 1807 1590 1892 Agrnrmtexartmouum

317 1905 419 1987 plebis
450 1906 654 1966 vehementer
688 1902 868 1987 agitabatur
902 1913 1033 1964 atrctore
1062 1903 1239 1983 Pompeio.
1273 1926 1352 1988 quiae
1386 1904 1460 1967 nihil
1485 1923 1554 1984 popu

319 1999 459 2075 habebnt
477 2008 606 2079 praeter
633 2008 808 2059 auctorem.
853 1996 906 2059 Ex
929 1998 990 2059 bac
1011 2016 1074 2079 ego
1097 1997 1167 2081 lege
1187 2002 1321 2061 secunda
1348 1998 1501 2063 contionis
1516 1993 1559 2055 ιιι

319 2100 385 2153 tate
408 2091 515 2179 omnia
538 2091 590 2154 illa
607 2092 776 2163 tollebam,
800 2111 880 2172 quiae
898 2091 937 2151 ad
952 2089 1151 2170 privatorum
1175 2090 1409 2157 incommedum
1427 2089 1593 2173 pertinetur

320 2186 492 2249 liberabam
512 2206 623 2270 agrurn
640 2206 726 2260 eum,
745 2183 852 2266 qrriP.
869 2183 1044 2246 MucioL.
1062 2183 1242 2264 Calpurnio
1258 2206 1343 2250 coss
1355 2181 1593 2267 publicuslulatdt

320 2281 522 2344 Sullanorum
545 2278 703 2343 bominum
724 2278 946 2360 possessiones
968 2276 1212 2341 confirmabam.
1238 2280 1475 2344 Volaterranos
1492 2288 1520 2340 et

319 2372 423 2448 tuos,
448 2395 584 2459 quorum
598 2393 707 2456 agrum
725 2373 812 2436 Sulla
826 2372 1001 2453 publicarat
1017 2393 1119 2456 neque
1135 2373 1330 2449 diruerat
1321 2395 1353 2436 ιιι
1368 2395 1426 2438 sua
1443 2391 1559 2455 possess·
1594 2416 1595 2465 3

319 2472 515 2533 retinebam.
549 2490 639 2531 unam
663 2468 817 2531 rationem
838 2486 903 2533 uon
925 2465 1124 2542 reiiciebam,
1148 2479 1182 2530 ut
1204 2489 1281 2552 ager
1306 2470 1366 2531 bac
1394 2454 1595 2545 accentuare

320 2564 410 2627 cunia
434 2574 615 2638 emeretur,
652 2583 730 2644 quiae
758 2582 799 2623 ex
826 2560 918 2623 novis
939 2559 1149 2643 vectigalibus
1170 2582 1229 2642 per
1249 2561 1497 2646 qusinqucnnium
1516 2555 1595 2632 redptl

318 2669 422 2722 retur.
468 2659 553 2720 Huic
576 2656 635 2720 toti
654 2654 770 2718 rationi
794 2653 938 2737 agrariae
962 2666 1087 2717 senatus
1109 2656 1338 2718 adversabatur
1361 2657 1523 2738 suspicans
1538 2651 1595 2743 ¹²⁰²l

320 2753 393 2834 peio
418 2771 536 2829 nova-m
559 2752 715 2834 quandam
736 2747 909 2832 potentiam
933 2750 1055 2831 qrraeri.
1099 2748 1273 2831 Pompeius
1293 2760 1372 2815 uero
1387 2752 1431 2814 ad
1453 2748 1595 2837 voluntati

320 2843 531 2929 perferendae
553 2844 635 2924 legis
658 2841 881 2906 incubuerat.''
926 2843 964 2903 ad
986 2841 1057 2931 (ιιι.
1080 2842 1110 2907 l.
1135 2842 1191 2920 19,
1214 2842 1246 2905 l.

407 2936 631 3022 Promulgavit
659 2957 726 2999 casn
755 2941 798 3001 L.
827 2935 965 3001 Flauius
992 2936 1138 2999 tribunus
1165 2937 1268 3018 piebis
1295 2959 1324 3002 a.
1346 2960 1380 3002 ιι.
1407 2937 1482 3009 693.
1522 2933 1550 2996 lu

321 3031 457 3114 Pighius
487 3033 524 3095 ad
554 3034 588 3094 h.
616 3050 646 3095 a.
673 3028 794 3115 inqrrit,
828 3030 918 3112 plura
948 3029 1050 3111 capita
1081 3028 1225 3112 inprimis
1259 3033 1455 3095 videbantur
1482 3026 1568 3109 iniqu

282 3144 288 3155 ¹
321 3140 449 3191 senatus
471 3123 653 3189 auctoritati
680 3122 854 3200 contraria,
890 3124 961 3207 qiua
991 3135 1023 3187 et
1043 3144 1096 3187 res
1123 3124 1271 3189 iudicatas
1297 3126 1523 3188 rescindebant
1542 3126 1565 3181 ιι

321 3222 527 3304 privatorum.
545 3218 779 3283 incommodum
800 3218 1020 3300 pertinebant,
1043 3218 1123 3283 haec
1140 3218 1305 3282 videlicet:
1329 3220 1390 3283 Uti
1413 3220 1445 3283 is
1466 3237 1558 3300 ager,

270 3312 276 3318 ⁵
321 3319 362 3383 Ρ
386 3314 507 3382 Μιιιὶο
529 3317 570 3379 L.
594 3311 783 3395 calpurnio
803 3332 891 3376 eoae.
912 3311 1070 3394 pubiierse
1081 3308 1222 3404 suimet
1235 3335 1404 3398 quemque
1421 3322 1554 3377 senatus

321 3431 381 3479 eor
401 3411 559 3475 consuler
579 3407 797 3483 vendiderat,
832 3404 993 3469 restituto
1021 3407 1232 3490 emptoribus
1251 3409 1387 3491 pretio,
1424 3403 1552 3471 diuider

259 3564 265 3575 ,
323 3506 439 3590 utique
464 3505 775 3569 Volaterranorum
796 3498 1155 3585 Artemitenorumque
1174 3501 1273 3586 agri,
1303 3522 1394 3609 quoe
1416 3505 1463 3565 L.
1485 3496 1586 3571 suun,

321 3610 435 3664 ctetor
458 3596 654 3682 publicarat
675 3616 735 3658 nec
757 3592 974 3670 vendiderat,
1008 3593 1261 3667 dividerenturr
1292 3595 1415 3679 utrque
1437 3617 1487 3658 ex
1507 3611 1555 3653 uec

321 3694 411 3758 iibua
439 3714 550 3776 nuper
577 3691 663 3754 bello
696 3687 862 3774 quaeritis
892 3708 956 3771 per
986 3687 1256 3797 quinquennium
1285 3689 1444 3772 pecunia
1472 3685 1517 3749 ad

321 3787 484 3851 emendos
509 3785 665 3869 plebique
692 3781 901 3846 diuidundor
928 3782 1159 3865 reciperetur5
1193 3783 1311 3868 utique
1336 3782 1504 3847 omnibus
1527 3777 1554 3840 ci

323 3878 539 3989 ruffi-egium
560 3889 665 3943 erret:
696 3877 728 3940 id
746 3878 838 3961 qnod
860 3874 966 3938 adiicit
987 3879 1027 3939 ad
1052 3876 1186 3961 gratiam
1214 3876 1279 3963 legi
1303 3877 1553 3945 conciliandam,

323 3975 416 4039 citius
439 3997 457 4037 a
479 3975 572 4057 plebe
592 3971 804 4055 reciperetur.
848 3968 975 4033 Hanc
965 3983 1073 4055 itaque
1101 3968 1331 4056 oppugnarunt
1355 3972 1440 4036 totis
1467 3968 1583 4065 viribtu·

324 4069 499 4157 Lucullus,
529 4068 582 4133 M.
614 4065 699 4132 Cato
729 4078 760 4128 et
790 4064 892 4129 omnis
924 4063 1060 4149 denique
1091 4077 1235 4142 senatus,
1271 4062 1414 4148 huicque
1450 4064 1511 4129 toti
1538 4077 1566 4122 rt

253 4166 254 4169 ’
324 4161 471 4246 agrariae
493 4162 759 4236 adversabantur,
785 4156 996 4243 antesignano
1016 4158 1220 4243 inprimisQ.
1244 4159 1385 4223 Metello
1412 4157 1558 4223 cunrrrle:

325 4278 387 4340 que
410 4278 450 4321 eo
475 4254 624 4339 pervenit
648 4252 880 4329 contentionis,
913 4251 957 4315 uti
983 4254 1096 4317 consul
1119 4275 1136 4315 a
1156 4255 1284 4318 tribuno
1305 4253 1452 4361 plebis'
1442 4275 1475 4316 sn
1494 4266 1576 4313 carce

325 4353 504 4425 duceretur.
548 4347 697 4429 Cumque
718 4359 845 4410 senatus
866 4346 1116 4431 optimatumque
1135 4349 1219 4412 ordo
1238 4349 1339 4411 omnis
1366 4348 1537 4412 Metellum
1556 4359 1587 4402 ιι

325 4456 447 4509 taretur
470 4445 510 4511 ad
534 4461 759 4526 earceremque
785 4439 989 4519 conveniret,
1013 4441 1149 4507 Flauius
1170 4441 1248 4506 sella
1270 4440 1447 4506 tribunicia
1472 4436 1576 4503 adim

325 4539 428 4622 posita
456 4537 609 4601 neminem
631 4534 755 4621 ingredi
776 4555 888 4618 passus
911 4545 969 4599 est.
1012 4535 1163 4603 Metellus
1187 4535 1286 4621 igitur
1311 4533 1411 4599 iussit
1435 4552 1557 4598 murmn

326 4632 408 4696 ceris
431 4630 612 4715 perforari,
636 4641 672 4694 ut
690 4639 816 4693 senatus
838 4649 899 4710 per
921 4649 991 4693 eum
1013 4628 1149 4693 introire
1167 4642 1290 4712 posset.
1332 4629 1519 4713 Pompeius
1538 4630 1582 4685 aul

326 4749 399 4790 cum
419 4747 520 4808 neque
544 4724 634 4789 minis
656 4745 757 4810 neque
788 4724 967 4787 terroribus
994 4724 1047 4787 lex
1077 4723 1211 4788 obtineri
1237 4734 1366 4806 posset,
1406 4728 1533 4807 pudore
1553 4714 1577 4777 vi

327 4819 488 4889 tribunum
510 4820 672 4885 discedere
693 4816 922 4904 rogationique
943 4820 1151 4902 supersedere
1172 4814 1273 4883 iusdlt.
1316 4817 1408 4885 Vide
1424 4819 1557 4884 Dionen
