3220 5572
248 358 292 424 su
734 432 772 451 Δ,
838 334 989 429 lnnsx

334 502 503 588 Σκυλμός,
529 502 689 580 vexatio,
723 503 898 579 nsolestia,
921 498 1071 569 turbae.
1099 504 1197 586 „Qun
1220 503 1325 572 animo
1349 508 1502 573 consules
1530 510 1580 574 le·

249 609 322 663 rant
339 600 424 662 huuc
446 602 607 685 σκυλμύν,
629 599 786 665 rescribas
808 599 945 679 (velim)
966 602 1006 661 ad
1028 599 1118 662 ms.”
1161 602 1201 661 ad
1226 601 1297 664 Ata.
1321 602 1387 666 IV.
1411 605 1472 680 13,
1502 608 1538 665 1.

251 693 259 709 “
334 694 486 775 Σκυτάλη
517 695 718 774 Λακωνική,
750 696 890 780 Scytole
914 693 1088 785 Lmonica
1115 694 1245 773 (brevis
1269 694 1425 778 epistola,
1465 698 1583 780 quales

250 788 383 853 ooesrltis
415 789 634 874 gravibusque
666 791 706 855 dc
731 791 828 853 rebus
856 785 1106 853 hcedaemonii
1133 790 1173 850 ad
1202 788 1411 871 imperatores
1438 811 1526 854 suns
1554 792 1584 854 in

248 883 328 949 loris
351 884 487 967 scriptas
508 884 632 947 mittere
655 878 831 962 solebant).
874 884 913 944 ad
941 884 1013 946 Au.
1041 883 1085 946 X.
1112 883 1170 956 10,
1199 882 1234 945 3.
1288 884 1435 963 Scytalae
1460 885 1586 948 descri-

246 977 389 1059 ptionem
419 989 597 1041 accuratam
628 988 703 1060 pete
730 998 771 1040 ex
803 976 912 1042 Gellio
945 975 1063 1040 XVII.
1095 977 1127 1039 9.
1158 977 1246 1040 conl.
1277 978 1390 1041 Sobel.
1424 979 1584 1061 Thucyd.

246 1072 277 1137 l.
306 1074 381 1137 131.
427 1074 512 1137 Enu.

332 1168 499 1245 Σύλοικα,
533 1168 663 1233 οΙσπίίσ
688 1168 828 1244 vitium,
863 1170 1014 1235 soloeca.
1068 1167 1250 1241 ,Lucullus
1274 1171 1313 1231 de
1340 1166 1406 1231 suis
1432 1166 1584 1233 historiis

248 1260 393 1341 dixerat,
417 1284 471 1338 se,
503 1284 569 1345 quo
596 1262 721 1337 facilius
743 1261 813 1325 illas
835 1264 991 1344 probaret
1018 1262 1156 1327 Romani
1174 1262 1310 1327 borninis
1332 1283 1416 1338 esse,
1456 1262 1584 1329 idcirco

249 1359 386 1420 barbara
408 1359 559 1440 quaedam
584 1369 615 1423 et
629 1356 776 1427 Ισύλοικα
798 1354 1025 1439 dispersisse.''
1069 1358 1109 1419 ad
1133 1358 1205 1419 An.
1229 1358 1257 1423 l.
1282 1357 1340 1432 19,
1366 1358 1418 1419 10.

331 1452 512 1528 Σόλσικον,
531 1452 734 1515 absurdum.
779 1451 896 1533 „Nihil
916 1448 997 1513 euim
1017 1461 1078 1513 tam
1098 1451 1267 1526 σόλοικον,
1297 1473 1390 1535 quam
1413 1480 1582 1539 repares-

247 1547 380 1623 κτόνους
403 1546 433 1609 in
454 1546 545 1609 caclo
564 1567 649 1620 esse,
673 1545 800 1626 tyranni
822 1545 907 1623 lacta
931 1543 1094 1609 edendis
1137 1548 1178 1607 ad
1202 1547 1271 1609 Att.
1293 1546 1396 1609 XIV.
1422 1548 1465 1621 6,
1493 1548 1529 1611 2.

332 1644 467 1723 Σοφία,
501 1639 688 1724 sapientia.
741 1640 925 1723 „Princeps
954 1638 1093 1703 omnium
1119 1638 1274 1705 virtutum
1308 1638 1359 1701 illa
1391 1642 1579 1723 sapientia,

246 1758 340 1823 quiam
370 1746 497 1818 σοφίαν
523 1735 641 1799 Gracci
665 1748 803 1801 vocant:
834 1734 1030 1816 prudentiam
1052 1733 1150 1809 enim,
1186 1755 1280 1818 qrram
1302 1735 1419 1803 Graeci
1448 1739 1578 1827 φρόνη-

246 1857 319 1906 σιν,
342 1831 433 1899 aliam
455 1831 609 1912 quendam
626 1828 849 1912 intelligimus,
875 1840 1022 1913 quaeest
1042 1848 1150 1891 rerum
1168 1831 1418 1910 expetendarum
1445 1832 1579 1917 l'ugies-

246 1928 422 2008 darumuue
443 1922 613 1997 solemia.’'
656 1926 697 1986 de
723 1922 823 1987 offic.
846 1922 877 1986 l.
902 1922 960 1997 13,
986 1923 1058 1988 153.

330 2020 555 2098 Σοφίζεσθαι,
576 2014 750 2091 cavillari,
772 2017 898 2083 astutis
918 2015 1203 2081 excusationibus
1224 2017 1288 2079 uti.
1333 2018 1444 2099 „Nasu
1480 2022 1573 2085 attae

244 2115 326 2177 haec
356 2112 570 2194 (Pompeius)
603 2123 788 2194 ἐσοφίζετο,
816 2111 974 2195 seleges
1004 2109 1153 2175 Caesaris
1185 2114 1339 2194 probare.
1354 2112 1372 2138 ''
1426 2114 1477 2176 τά
1516 2119 1573 2180 Att

244 2208 297 2273 ΙΙ.
321 2209 378 2282 10,
403 2207 436 2270 2.
992 2234 995 2241 ’

148 2289 156 2307 ’
329 2303 553 2385 Σοφίσματα,
575 2299 734 2391 fallaces
765 2298 1074 2363 conclusiunculae.
1132 2300 1256 2384 „Atqui
1282 2302 1441 2365 habebam
1480 2305 1580 2368 mole·

243 2407 312 2463 stos
340 2396 451 2471 robis,
485 2396 542 2461 sed
563 2394 721 2469 minutos,
754 2394 950 2475 Stilponem,
981 2393 1181 2474 Diodorum,
1204 2395 1394 2459 Alexinumz
1432 2418 1582 2478 quorun

245 2501 317 2554 sunt
341 2501 490 2553 contorta
513 2500 545 2551 ct
567 2489 708 2552 aculeata
732 2489 885 2572 quaedam
909 2499 1105 2571 σοφίσματα
1127 2486 1237 2550 -sic
1264 2489 1345 2550 enim
1368 2491 1583 2573 appellantur

243 2584 373 2648 fallaces
407 2582 728 2647 conclusiunculae.'’
780 2584 884 2649 Acad.
916 2582 964 2646 11.
995 2583 1055 2657 tt,
1088 2583 1141 2645 75.
1164 2614 1206 2624 -
1255 2582 1505 2669 ,Σοφισματα
1528 2610 1582 2650 ω.

243 2672 435 2744 vinctiones
459 2690 552 2745 vocat
575 2676 735 2742 Cicero.’'
781 2677 902 2741 Seneca
925 2676 1031 2765 Epist.
1055 2676 1152 2742 CXI.
1176 2678 1290 2761 Frgur.
1314 2699 1349 2760 p.
1381 2678 1465 2742 583.

328 2774 565 2856 Σοφισττύτιν,
582 2771 839 2859 philosophari.
863 2771 968 2845 „Nasu
988 2793 1047 2835 nos
1070 2772 1215 2857 quidem,
1238 2769 1266 2834 si
1282 2793 1345 2854 per
1366 2771 1464 2839 istum
1491 2790 1581 2842 tuum

241 2869 384 2932 sodalem
413 2867 562 2934 Publium
593 2865 715 2939 licebit,
751 2866 959 2946 σοφιστεύειν
987 2865 1187 2950 cogitamus:
1221 2865 1250 2929 si
1277 2867 1330 2930 ille
1356 2865 1471 2953 cogit,
1517 2885 1580 2939 tun

244 2966 407 3027 dtrmtaxat
429 2982 489 3025 nos
512 2961 726 3024 defendere.'’
770 2962 811 3022 ad
833 2962 905 3024 Ast.
928 2960 977 3025 ΙΙ.
1001 2962 1041 3036 9,
1064 2961 1095 3024 3.

327 3056 539 3137 Σοφιστεύω,
568 3055 808 3138 philosopher.
865 3056 1087 3136 ,Σοφισττύω
1119 3054 1201 3118 euim
1235 3055 1329 3121 simul
1358 3068 1392 3119 ut
1426 3080 1494 3123 rus
1532 3061 1581 3125 ds-

244 3172 360 3224 eurro,
395 3162 489 3234 atquc
522 3149 554 3221 in
585 3151 722 3213 decursu
748 3156 854 3225 θέσεις
884 3171 969 3213 meas
997 3150 1205 3213 commentari
1233 3172 1297 3214 non
1327 3150 1455 3215 desino.
1475 3155 1500 3182 ''
1548 3158 1583 3218 al

244 3246 317 3308 Att.
342 3245 408 3309 IX.
433 3246 472 3320 9,
497 3246 527 3310 1.

327 3339 442 3420 Σοφοί
454 3389 462 3415 ,
490 3338 675 3421 sapientes.
728 3388 745 3418 „
760 3339 908 3420 Septem,
940 3337 994 3422 qui
1015 3360 1033 3400 a
1055 3339 1188 3403 Graccis
1208 3349 1330 3420 σοφοί,
1354 3340 1586 3423 sopientur

242 3431 363 3495 nostris
387 3444 419 3495 et
442 3433 640 3495 habebantur
665 3443 697 3494 ct
721 3431 1003 3497 nominabantur.'’
1048 3436 1149 3497 Tusc.
1173 3436 1221 3497 V.
1244 3435 1283 3509 3,
1308 3436 1341 3497 l.

328 3528 458 3607 Σοφός,
479 3525 629 3608 sapiens.
674 3526 741 3607 „In
767 3547 834 3609 quio
854 3525 980 3590 Laeliu’
1000 3527 1175 3604 clamores,
1212 3527 1318 3608 σοφὸς
1336 3524 1406 3602 ille,
1444 3533 1587 3596 solebat

243 3624 359 3695 eslere,
376 3616 589 3701 'compellans
611 3618 733 3704 giunta
757 3641 800 3684 ex
827 3621 938 3686 ordine
958 3633 1102 3691 nostros.
1153 3621 1325 3689 Praeclare
1346 3620 1518 3703 Laelius,
1556 3641 1588 3690 et

238 3727 329 3779 recte
349 3712 494 3801 σοφάς.”
539 3717 578 3778 (lc
601 3714 695 3779 Finn.
719 3714 768 3778 Il.
792 3716 828 3790 8,
853 3715 906 3779 21.

325 3806 484 3894 Σπάρτα,
512 3812 653 3891 Sparta.
691 3809 817 3891 „Meos
841 3811 947 3874 bonos
964 3808 1073 3886 viros,
1102 3811 1193 3888 illos,
1225 3831 1308 3895 quos
1328 3808 1529 3893 significas,
1555 3829 1586 3881 et

242 3926 329 3979 earn,
361 3926 455 3988 qnam
482 3901 558 3965 mihi
584 3900 661 3965 licis
685 3900 853 3985 obtigisse,
886 3904 1058 3990 Σπάρταν,
1082 3926 1146 3969 non
1169 3908 1266 3971 modo
1288 3925 1449 3988 nunquam
1482 3912 1586 3981 dese.

238 4021 328 4075 iram,
359 3998 544 4071 sedetiam,
575 3995 602 4058 si
623 4017 686 4079 ego
707 3999 747 4059 ab
763 3996 819 4057 illa
838 3999 986 4073 deserar,
1010 4011 1115 4065 tamen
1137 4000 1168 4062 in
1191 4020 1257 4062 mea
1279 3998 1413 4081 pristina
1438 4018 1586 4070 senten·

241 4092 284 4155 tla
306 4093 514 4174 permanebo.
524 4086 542 4114 '¹
588 4093 628 4152 ad
645 4091 716 4155 Au.
741 4090 771 4153 1.
794 4091 855 4166 20,
881 4091 913 4155 3.
943 4092 1083 4179 ’.0191ᾶί1
1101 4093 1220 4159 Cicero
1244 4094 1386 4157 adhunc
1409 4116 1582 4164 versum:

293 4204 296 4209 '
325 4187 487 4273 Σπάρταν
508 4185 640 4263 ἔλαχες,
663 4184 784 4251 ταύταν
806 4187 936 4272 κόσμει,
959 4192 1089 4272 Sparta
1109 4188 1173 4251 tibi
1192 4186 1333 4270 obtigit,
1357 4189 1446 4249 hamc
1467 4214 1586 4258 orna„

242 4282 282 4347 ad
314 4270 390 4344 Au(
416 4281 480 4343 IV.
513 4279 552 4353 6,
590 4280 621 4340 2.
660 4280 737 4367 *Est
769 4300 882 4344 versus
913 4283 1132 4365 anapaesticus
1166 4281 1301 4347 dimeter
1328 4302 1369 4344 ex
1399 4282 1590 4370 Euripidis

71 4376 75 4389 ⁴
242 4373 413 4455 't'elepuoz
441 4418 444 4429 ·

450 4467 612 4555 Σπάρταν
632 4466 762 4547 ἔλαχες,
790 4467 912 4533 ταύταν
940 4470 1074 4554 κόσμει,

452 4563 522 4640 Τάς
551 4568 585 4629 δὲ·
610 4562 772 4642 Μυκήνας
792 4565 881 4646 ἡμεῖς
906 4569 983 4645 ἰδίᾳ.

237 4655 346 4719 Paulo
373 4654 465 4721 aliter
487 4655 605 4741 legitur
626 4656 719 4738 prior
740 4677 854 4727 versus
877 4656 907 4720 in
937 4657 1127 4743 fragmentis
1154 4658 1319 4744 Euripidis
1346 4683 1363 4724 a
1387 4661 1593 4733 Discerne

240 4748 330 4812 editis
352 4772 388 4832 p.
412 4748 499 4827 112,
522 4749 573 4813 cui
597 4750 623 4813 si
644 4749 812 4816 Ciceronis
835 4752 899 4817 loci
920 4764 1024 4817 essent
1046 4754 1220 4832 obversati,
1245 4760 1361 4839 procul
1381 4758 1484 4822 dubio
1507 4784 1592 4829 non

239 4843 397 4930 Σπάρτην
428 4843 611 4927 scripsisset
639 4866 742 4928 nequis
770 4856 910 4925 ἐκείνην,
942 4848 1001 4910 scd
1020 4848 1182 4935 Σπάρταν
1211 4860 1244 4913 ct
1271 4851 1413 4918 ταύταν.
1457 4853 1588 4921 Burs.
