3214 5586
139 366 202 442 eso
570 366 583 393 ⁸
621 356 772 437 tunna
790 346 975 437 tuctu„

141 517 228 597 (nam
250 525 320 579 ante
342 512 409 578 sine
431 511 585 598 suffragio
600 513 776 577 habuerant
790 490 963 594 civitatem)
984 521 1085 578 esset.
1106 510 1179 578 hnic
1192 504 1362 599 rogationi
1370 509 1463 600 qual·

141 621 217 674 tuor
238 607 490 690 tribuniplebis,
515 606 667 692 quianon
687 626 727 669 ex
747 607 935 673 auctoritate
955 618 1083 672 senatus
1097 605 1255 684 ferretur,
1279 629 1349 671 cum
1364 608 1465 672 iuter·
1554 612 1567 630 ¹

141 706 306 779 cederent,
335 701 440 766 edocti
461 700 576 784 populi
595 722 682 774 esse,
710 721 775 763 nou
798 713 924 765 senatus
948 701 1015 778 ius,
1039 699 1226 785 suffragium
1249 700 1363 784 quibus
1388 700 1466 765 velit

140 795 324 879 impertire,
348 794 537 859 destiterunt
556 793 704 876 incepto.
724 793 853 877 rogatio
876 795 998 877 perlata
1024 804 1091 868 est,
1114 793 1204 857 utin
1222 792 1356 857 Aemilia
1379 795 1468 858 tribu

141 889 306 954 Formiani
327 901 359 953 et
382 887 545 962 Fundani,
573 888 605 951 in
628 886 781 952 Cornelia
805 887 978 969 Arpinates
1000 886 1140 963 serreut3
1169 899 1265 972 atque
1286 887 1318 950 in
1337 887 1386 951 his
1409 886 1470 951 tri·

140 986 246 1048 bubus
260 996 325 1049 tum
341 986 477 1067 primum
492 1004 533 1047 ex
547 981 683 1047 Valerio
694 979 864 1064 plebiscito
877 983 961 1047 censi
976 981 1083 1047 sunt.''
1105 982 1184 1049 Liv.
1196 981 1403 1057 xxxvlss.
1414 981 1468 1047 66.

393 1142 552 1205 Vennum
573 1140 615 1204 tle
636 1139 773 1203 civitate
796 1138 1013 1224 Calliphauae
1036 1140 1215 1208 Veliensis.

76 1344 81 1353 1
226 1264 348 1339 „Mitto
366 1275 495 1339 vetera,
519 1260 666 1346 proxima
687 1260 777 1324 dico:
808 1272 879 1324 ante
896 1260 1055 1325 civitatem
1074 1262 1280 1327 Veliensibus
1303 1263 1406 1325 datam
1426 1263 1467 1325 de

142 1369 268 1423 senatus
290 1356 443 1421 sententia
465 1361 503 1422 C.
521 1356 700 1424 Valerium
715 1357 875 1419 Flaccum
889 1368 1071 1436 praetorem
1087 1357 1241 1419 urbanum
1264 1357 1308 1435 (a.
1324 1377 1359 1419 u.
1376 1355 1466 1433 666.)

144 1450 325 1516 norriinatim
349 1453 388 1515 ad
411 1452 564 1534 populum
587 1452 626 1513 de
647 1448 834 1532 Calliphana
858 1449 1009 1514 Veliense
1031 1453 1210 1530 (sacerdote
1233 1446 1395 1529 Cereris),
1431 1460 1466 1512 ut

142 1568 179 1610 ea
200 1546 278 1611 ciris
302 1548 446 1612 Romana
467 1557 569 1620 esset,
593 1542 738 1637 tulissels
781 1565 843 1625 pro
865 1544 969 1608 Balbo
990 1544 1048 1620 21,
1073 1546 1127 1609 66.

571 1703 730 1766 Vennum
752 1701 793 1765 tle
814 1722 894 1766 uere
914 1680 1041 1767 611166.

226 1828 289 1904 ,16
314 1826 407 1891 huius
429 1824 487 1908 (C.
514 1824 614 1889 Marii
634 1822 799 1906 septimum
820 1822 972 1903 consulis)
992 1824 1100 1891 locutu
1121 1825 1273 1893 suffectus
1294 1829 1336 1890 L.
1361 1827 1466 1892 Vate-

140 1924 215 1988 rius
243 1924 386 1987 Flaccus
415 1922 459 1999 (a.
489 1941 521 1982 u.
552 1919 641 1996 667.)
668 1916 868 1998 turpissimas
896 1918 1128 2002 regnamur,
1162 1941 1224 2004 qua
1251 1917 1466 1985 uelitaribus

125 2021 347 2103 quadrantem
370 2012 454 2078 solvi
475 2012 628 2075 iusserat:
651 2011 739 2074 cuius
756 2009 835 2074 lacti
853 2010 964 2075 merita
986 2033 1056 2076 eum
1076 2034 1181 2097 poena
1201 2014 1284 2079 intra
1305 2011 1466 2077 biennium

141 2123 311 2177 consecuta
335 2106 419 2172 est.”
462 2105 583 2170 Vellei.
606 2104 654 2168 11.
679 2104 735 2180 26,
760 2105 792 2167 2.

113 2220 116 2223 ·
170 2190 178 2209 ’
224 2205 327 2280 ,Nam
351 2202 394 2265 ita
417 2222 482 2286 ego
505 2199 642 2265 delendo
663 2198 714 2264 M.
736 2197 906 2263 Fonteium
928 2199 1035 2287 itaque
1057 2204 1235 2278 contentio,
1258 2213 1334 2285 post
1358 2203 1466 2287 legem

142 2301 319 2369 Valeriam
338 2297 432 2359 latam
454 2316 471 2358 a
490 2295 543 2358 M.
566 2293 706 2358 Fonteio
725 2305 896 2377 quaestore
915 2299 1074 2380 usquead
1095 2299 1139 2362 Τ.
1162 2296 1347 2380 Crispinum
1366 2317 1465 2381 quae·

138 2408 259 2459 storem
282 2394 372 2458 aliter
392 2384 545 2452 neminem
565 2385 718 2451 solvisse:
741 2385 826 2449 huuc
848 2387 985 2451 omnium
1003 2390 1222 2473 superiorum,
1247 2391 1339 2454 hrrius
1362 2402 1464 2453 autem

140 2510 268 2565 omnes,
304 2486 359 2573 qui
379 2494 494 2567 postca
514 2480 650 2558 luerint,
683 2479 902 2544 auctoritatem
931 2482 1004 2547 dico
1033 2485 1194 2549 secutos.''
1237 2506 1299 2569 pro
1323 2484 1462 2549 Fonteio

138 2586 178 2659 l,
203 2586 232 2647 l.
265 2580 361 2646 Niels.

222 2676 276 2739 Ex
301 2677 361 2736 hac
386 2673 458 2757 lege
479 2680 666 2755 argentum
691 2662 772 2732 cere
793 2671 1024 2735 solutumest
1051 2674 1185 2752 (Salust.
1209 2671 1308 2743 Catil.
1330 2673 1397 2752 66.)
1417 2672 1461 2739 ita

140 2781 174 2833 nt
189 2790 252 2852 pro
268 2765 437 2841 sestertio,
462 2764 530 2849 (qui
547 2766 841 2847 666166366ι16ιι6,)ί
858 2785 978 2840 assem.
1001 2765 1095 2850 (quae
1111 2778 1181 2830 crat
1198 2786 1291 2830 aerea
1309 2769 1462 2847 monem)

138 2885 200 2949 pro
217 2862 347 2926 denario
366 2858 565 2934 sestertium,
588 2875 651 2938 pru
667 2854 751 2919 mille
765 2856 865 2920 nuruis
882 2859 1036 2924 ducentos
1055 2858 1302 2943 quinquaginta,
1324 2859 1461 2944 denique

105 2984 108 2989 ⁴
138 2962 200 3039 prh
228 2952 314 3020 omni
339 2953 446 3017 debito
472 2962 617 3034 quartam
639 2959 761 3032 partem
790 2950 973 3030 solverent,
1006 2964 1039 3017 et
1063 2963 1129 3019 tres
1152 2953 1283 3021 omniuo
1309 2953 1463 3023 6661116661

138 3047 293 3134 perirent.

518 3205 699 3266 Venturae
722 3202 766 3267 de*
786 3204 884 3270 Sulla
903 3154 1083 3272 dictatore.

224 3326 400 3412 „Omnium
423 3325 529 3409 legum
551 3323 776 3410 iniquissimam
799 3325 1097 3411 dissimillimamque
1121 3328 1203 3414 legis
1226 3350 1294 3399 6666
1320 3330 1464 3399 arbitror

138 3445 224 3500 eam,
249 3436 350 3508 quam
363 3425 405 3485 L.
428 3422 569 3484 11666666
589 3419 733 3482 interrex
755 3423 800 3499 (a.
822 3442 856 3484 ιι.
880 3422 970 3502 671.)
992 3425 1031 3486 (le
1055 3423 1141 3487 Sulla
1163 3424 1250 3502 tulit,
1272 3436 1311 3489 ut
1330 3426 1461 3501 omnic,

137 3537 358 3605 quaecunque
377 3514 434 3578 ille
443 3510 616 3604 fecisset,
640 3524 753 3577 essent
773 3525 863 3580 ratu.
907 3517 989 3579 Νιιιι
1002 3538 1078 3578 »curn
1098 3518 1215 3583 ceteris
1234 3519 1266 3582 in
1282 3518 1463 3584 civitatibus

138 3613 280 3693 tyrannis
308 3608 459 3673 institutis
482 3607 575 3692 16366·
599 3625 709 3669 omues
734 3605 978 3692 exstinguantur
1009 3622 1102 3695 atque
1131 3612 1300 3689 ronanus,
1332 3613 1385 3677 hic
1412 3613 1462 3678 rei

137 3706 284 3791 publicae
311 3716 480 3783 tyrannum
504 3700 576 3784 lege
602 3699 779 3766 coustituit.
824 3703 884 3766 Est
906 3703 1059 3769 insidiose
1082 3705 1154 3782 lex,
1177 3706 1261 3777 sicut
1284 3706 1368 3771 dini:
1407 3728 1463 3772 ue-

136 3810 313 3864 rumtamen
335 3797 432 3859 hahet
453 3792 704 3868 excusationem
727 3815 791 3860 nun
811 3795 895 3867 enim
918 3796 1043 3861 videtur
1063 3798 1198 3869 hominis
1216 3799 1272 3864 lex
1290 3822 1380 3876 6666,
1403 3803 1462 3877 sed

137 3892 327 3977 ternporis.''
361 3891 400 3954 tle
427 3887 501 3973 1636
530 3908 602 3972 agr.
630 3887 698 3952 111.
726 3888 765 3964 2,
794 3889 827 3953 6.
860 3889 950 3955 6661.
978 3890 1045 3956 111.
1075 3892 1113 3970 2,
1144 3894 1176 3957 6.
1206 3893 1330 3960 61111.
1356 3895 1395 3972 2,
1423 3894 1459 3959 8.

138 3987 282 4072 Appiae.
305 3984 390 4050 Bell.
414 3981 491 4047 Cir.
514 3982 544 4046 1.
567 3983 620 4047 117.

225 4080 284 4162 „Si
312 4076 444 4162 triginta
467 4074 516 4140 illi
539 4074 675 4141 Athenis
696 4075 815 4182 16366
805 4097 969 4159 imponere
992 4079 1184 4160 coluissent,
1217 4093 1272 4147 aut
1294 4083 1324 4146 si
1345 4103 1460 4155 omnes

139 4174 356 4240 Athenienses
371 4172 603 4234 delectarentur
618 4168 792 4249 tyrannicis
805 4169 943 4256 legibus,
959 4194 1032 4237 uum
1047 4173 1169 4243 idcirco
1184 4177 1244 4241 hae
1260 4177 1370 4263 legas
1360 4189 1462 4247 suetae

140 4264 357 4331 haberentur?
380 4262 509 4337 Nihilo,
522 4262 752 4349 666616,ιιιι316
766 4262 1464 4380 1116,6666ιι6166666666166(6116666ι66)

138 4360 229 4437 tulit,
259 4371 298 4423 ut
320 4358 469 4428 dictator
489 4357 618 4439 (Sulla)
638 4378 739 4441 quem
764 4359 862 4421 uellet
888 4359 1014 4427 ciuium
1039 4360 1169 4431 16611676
1195 4386 1302 4435 cauea
1319 4364 1461 4450 imnum

135 4465 255 4539 posset
276 4451 463 4517 occidere?
495 4453 546 4514 tle
564 4450 891 4558 Ι.ι33.1.16,12.

222 4539 470 4654 Ἕψηφίσθηδ
489 4540 579 4633 αὐτῷ
593 4539 723 4611 πάντων
739 4541 898 4611 ἄδεια
852 4570 916 4613 των
932 4543 1129 4634 γεγονότων,
1142 4548 1226 4663 πρὸς
1240 4555 1275 4619 δὲ
1290 4577 1328 4619 το
1315 4548 1462 4636 μέλλον

137 4625 272 4721 ἐξουσία
283 4611 1317 4757 666616661166616666,κληρουχιῶν,κτὶσιως,6ιορι1ἡσιως,
1341 4649 1458 4737 616611-

137 4736 228 4801 6666
247 4733 420 4816 βασιλείαν
438 4737 494 4799 καὶ
514 4760 540 4823 qr
528 4721 717 4836 ,26116166
732 4734 961 4821 χαρὲσασθιιι.
1004 4737 1173 4809 Plutarch.
1196 4741 1338 4807 861166.
1361 4741 1415 4805 66.

223 4826 324 4905 ,Η66
342 4846 405 4910 636
425 4846 566 4910 quaero,
590 4822 646 4911 qui
666 4834 840 4908 potuerunt
860 4827 918 4895 ista
924 4829 1005 4916 ipsa
1025 4830 1116 4918 1636,
1138 4855 1220 4920 quae
1239 4834 1283 4900 tie
1300 4834 1456 4922 pruneri-
