3214 5586
119 365 186 443 aaa
406 392 421 421 ·
610 365 763 433 ianua
784 330 1025 459 paterni.x

292 557 489 621 Senraoura
512 553 712 619 iudiciaria.

208 699 303 786 „Per
332 695 414 773 idern
437 707 563 779 ternpus
587 694 746 765 iudicandi
768 717 897 773 munus,
926 699 1015 783 quod
1036 698 1076 764 0.
1107 699 1284 763 Gracchus
1310 710 1458 787 ereptum

120 793 245 871 senatui
266 795 305 871 ad
326 791 467 877 equites,
492 790 579 859 Sulla
602 790 725 863 abillis
748 794 787 857 ad
808 802 950 859 senatum
972 791 1198 871 transtulerat,
1223 788 1400 877 aequaliter
1423 791 1458 859 in

120 902 291 999 utrumque
314 886 457 953 ordinem
479 885 616 970 partitus
638 885 722 953 est.’'
767 885 888 955 Vellei.
910 882 959 951 ΙΙ.
983 887 1042 965 32,
1067 888 1101 951 3.

209 976 261 1053 Τὰ
288 976 503 1094 δικαστήρια,
536 975 719 1063 ἀδοξοῦντα
743 979 796 1057 tat
817 978 1062 1069 δωροδοκίαις,
1083 982 1116 1059 ἐς
1140 976 1218 1059 τοὺς
1243 981 1361 1059 ἱππίας
1389 975 1459 1093 cipi>

120 1078 185 1147 rein
211 1076 399 1182 βουλευτῶν
426 1077 601 1165 μετέφερε
635 1064 677 1141 τὰ
705 1068 851 1160 ὖιτὸγνια
872 1070 1020 1163 μάλιστα
1050 1069 1165 1154 αὐτοῖς
1192 1065 1423 1180 ὀνειδίζων,’
1402 1068 1459 1142 οτι

120 1165 308 1281 Κορνήλιος
324 1163 462 1247 Κόττας
479 1173 535 1235 καὶ
554 1163 759 1257 Σαλινάτωρ
781 1173 837 1239 καί
859 1169 969 1277 τρίτος
987 1169 1039 1237 ἐπί
1041 1162 1203 1280 τούτοις
1212 1162 1347 1246 Μάνιος
1359 1163 1459 1236 Ἀκί·

120 1260 232 1347 ieoo‘
215 1291 235 1332 ο
259 1265 319 1349 τὴν
339 1263 456 1332 Ἀσίαν
475 1259 555 1333 ἑλὼν
572 1263 704 1374 σαφῶς
707 1257 1051 1373 δεδωροδοκηκότις’
1017 1268 1216 1373 αφεῑντο
1186 1256 1252 1329 ὑπὸ
1277 1262 1341 1327 τῶν
1362 1261 1459 1327 δικα-

120 1355 263 1467 σάντων
293 1352 382 1425 οἵτε
405 1358 592 1467 πρέσβεις
582 1359 615 1423 oi
634 1380 698 1424 κατ
728 1348 838 1427 αὐτῶν
863 1354 912 1425 ἔτι
935 1350 1097 1468 παρόντες
1120 1352 1181 1425 σὺν
1201 1348 1327 1467 φθὸνσι
1349 1357 1459 1423 ταῦτα

119 1448 297 1540 περιιόντες
319 1446 554 1562 ἐκεκράγεσαν.
543 1441 659 1562 06'nap
682 1477 702 1532 η
689 1444 831 1536 βουλὴ
850 1445 1000 1539 μάλιστα
1021 1444 1199 1565 αἰδουμένη
1220 1445 1308 1528 ἐς
1275 1473 1334 1516 τον
1353 1443 1458 1536 νόμον

119 1548 282 1619 ἐνεδίδου·
305 1541 397 1613 καί
382 1570 401 1612 ο
416 1546 520 1655 δημος
534 1539 637 1615 αὐτὸν
657 1538 788 1635 ἐκύρου.
832 1546 904 1612 Καὶ
916 1548 1034 1633 peravi
1055 1548 1106 1627 θη
1121 1530 1213 1611 ὧδε
1197 1568 1230 1623 ις
1244 1539 1322 1623 τοὺς
1338 1546 1458 1623 ἱππέας

119 1636 187 1713 einai
207 1642 266 1723 τῆς
285 1640 412 1726 βουλῆς
432 1635 476 1706 τὰ
496 1634 706 1729 δικαστήρια.
749 1639 892 1755 Appian.
916 1639 1002 1705 Bell.
1026 1572 1103 1705 έίν.
1126 1638 1157 1703 Ι.
1180 1637 1234 1701 22.

200 1730 296 1805 ‘ott
318 1738 340 1803 δ
345 1758 564 1814 ικαοτικος
584 1730 768 1827 (νόμος),
752 1724 778 1803 d
804 1732 842 1805 τὸ
863 1738 1017 1803 wauton
1037 1730 1187 1843 ἀπέκοψε
1209 1731 1267 1813 τῆς
1289 1731 1353 1800 τῶν
1374 1755 1458 1821 συγ-

119 1832 278 1912 κλητικῶν
301 1824 489 1916 δυνάμεως
511 1826 608 1897 αὸνοι
627 1826 691 1942 γρίρ
712 1829 840 1938 ἔκρινον
860 1825 921 1909 τὰς
940 1830 1034 1941 δίκας
1053 1833 1109 1895 καὶ
1129 1822 1186 1894 diei
1199 1849 1299 1893 τουτο
1314 1826 1457 1918 φοβεροί

119 1952 164 2018 τω
148 1919 280 2016 δὴωσι
302 1929 358 1993 nai
378 1949 448 2002 τοις
467 1925 618 1993 ἱππεῦσιν
635 1909 738 2004 ἦσαν
760 1917 779 1989 6
799 1925 835 1991 δὲ
856 1925 1068 2013 τριακοσίους
1083 1924 1146 1989 τῶν
1166 1923 1286 1987 ἱππέων
1308 1944 1459 2010 προσκα-

118 1994 241 2101 τίλεξευ
262 2014 378 2097 αὐτοῖς
399 2004 475 2087 οὖσι
498 2019 721 2105 τριακοσίοις,
752 2022 808 2087 καὶ
832 2014 892 2097 τὰς
913 2019 1035 2105 κρίσεις
1057 2014 1172 2096 κοινὰς
1191 2014 1254 2081 τῶν
1280 2014 1459 2096 ἑξακοσίων

119 2114 259 2196 ἐποίησε.
302 2113 470 2178 Plutarch.
491 2132 526 2177 v.
550 2109 590 2180 C
613 2110 808 2177 Graccbic.
832 2112 864 2177 5.
909 2110 966 2177 Ci.
990 2133 1022 2177 v.
1045 2114 1100 2179 Ti.
1124 2110 1317 2182 Graccbic.
1343 2113 1395 2175 16.

206 2211 272 2290 „tt
289 2209 465 2274 Gracchus
487 2206 592 2295 legem
614 2206 751 2284 tulerat,
775 2217 812 2273 ut
832 2205 954 2290 equites
971 2206 1109 2281 Romani
1130 2208 1320 2277 iudicarent.
1364 2205 1457 2271 Iudi·

119 2314 273 2369 caverunt
283 2323 343 2385 per
355 2322 457 2366 annos
470 2301 551 2367 XL.
567 2300 634 2367 sine
646 2298 809 2367 infamia.”
832 2300 1114 2366 Pseudo-Ascou.
1125 2303 1157 2366 in
1167 2304 1315 2375 Divinat.
1328 2324 1363 2385 p.
1380 2301 1456 2366 103.

206 2444 221 2473 ,
234 2395 422 2483 cognoscet
440 2416 482 2463 ex
497 2415 546 2459 ane
560 2394 702 2479 populus
718 2396 901 2473 Romanus,
926 2396 1002 2479 quid
1018 2394 1076 2473 sit,
1100 2398 1195 2482 quam
1210 2403 1356 2473 obrem,
1380 2415 1454 2461 cum

118 2504 267 2577 equester
289 2493 372 2557 ordo
400 2488 572 2566 iudicaret,
596 2509 697 2555 annos
716 2510 822 2572 prope
846 2489 1075 2576 quinquaginta
1100 2493 1289 2571 continuos,
1312 2491 1345 2555 in
1361 2488 1453 2553 nullo

117 2585 221 2655 iudice
244 2585 350 2670 equite
372 2585 523 2652 Romano
544 2582 702 2648 iudicante
724 2604 764 2647 ne
786 2583 966 2649 tenuissima
989 2583 1115 2669 quidem
1137 2589 1279 2671 suspicio
1301 2596 1454 2668 acceptae

118 2679 271 2764 pecuniae
303 2680 346 2745 ob
375 2698 443 2743 reru
472 2677 672 2742 iudicandam
702 2677 873 2741 constituta
901 2676 979 2742 sit.”
1028 2680 1131 2745 Verr.
1166 2681 1196 2749 l.
1229 2683 1286 2758 13,
1323 2679 1378 2743 38.
1413 2716 1457 2731 -

119 2778 269 2859 „Annos
289 2795 398 2861 prope
419 2771 701 2859 quinquaginta]
726 2774 833 2837 Tanto
854 2771 935 2835 enirn
954 2771 1026 2837 sere
1039 2784 1186 2858 tempore
1205 2785 1354 2862 equester
1369 2775 1454 2853 ordo

117 2867 270 2935 iudicavit
292 2869 366 2955 lege
388 2866 630 2955 Sempronio.’'
674 2865 960 2931 Pseudo-Ascon.
982 2866 1016 2949 in
1036 2866 1136 2937 Verr.
1159 2892 1193 2953 p.
1219 2871 1293 2934 115.

205 2961 383 3039 ,Claudius
405 2959 689 3044 (procuratoribus
711 2959 790 3041 suis)
813 2981 906 3025 omne
928 2960 975 3025 ius
1001 2962 1149 3040 tradidit,
1175 2967 1214 3028 de
1242 2985 1307 3051 quo
1333 2956 1453 3029 totiens

118 3056 274 3139 seditione
303 3066 359 3120 aut
385 3054 480 3121 armis
511 3065 687 3130 certaturn,
718 3076 789 3117 curn
812 3056 1026 3138 Semproniis
1054 3056 1279 3142 rogationibus
1302 3070 1453 3142 equester
1501 3084 1507 3091 ·

119 3153 202 3217 ordo
229 3149 260 3212 in
288 3148 494 3235 possessione
515 3148 703 3213 iudiciorum
728 3148 911 3221 locaretur,
946 3160 1001 3215 aut
1025 3172 1150 3215 rursum
1177 3151 1333 3225 Serviliae
1359 3151 1451 3237 leges

117 3243 240 3311 senatui
256 3241 370 3308 iudicia
390 3244 578 3320 redderent,
601 3241 794 3327 Mariusque
814 3255 845 3306 et
868 3243 957 3309 Sulla
980 3244 1056 3309 oiim
1080 3249 1118 3310 de
1141 3267 1181 3311 eo
1204 3246 1257 3310 vel
1278 3245 1451 3330 praecipue
1483 3238 1490 3249 ’

118 3324 316 3405 ουΙΙτουο1.”’
357 3337 463 3402 Tacit.
486 3338 574 3402 Anu.
597 3337 681 3402 ΧΗ.
705 3337 757 3402 60.

26 3428 29 3445 “
206 3424 262 3498 ,Α
285 3434 393 3487 senatu
415 3420 449 3485 in
470 3424 609 3506 equitem
637 3424 788 3487 transtata
816 3421 1003 3515 iudiciorum
1032 3435 1175 3505 potestas
1202 3423 1387 3510 vectigalia,
1417 3423 1452 3488 id

118 3528 167 3583 est
182 3517 306 3599 imperii
321 3515 564 3600 patrimonium,
589 3516 842 3599 supprimebat.”
874 3517 992 3581 Florus
1008 3517 1078 3583 ΙΙΙ.
1098 3520 1151 3583 13.
1174 3555 1216 3566 -
1237 3516 1452 3592 „Iudiciaria

117 3608 191 3699 lege
219 3614 259 3677 C.
289 3614 437 3677 Gracchi
464 3610 637 3673 diviserant
665 3612 819 3693 popuiiim
844 3612 1042 3690 Romanurn,
1077 3624 1109 3677 et
1136 3612 1299 3696 bicipitem
1322 3635 1364 3678 ex
1386 3634 1449 3677 una

116 3705 260 3783 fecerant
283 3704 444 3769 civitatem
467 3703 590 3790 equites
610 3704 767 3781 Romani3
791 3715 880 3769 tauta
902 3716 1061 3791 potestate
1085 3706 1229 3784 subnixi,
1255 3719 1289 3770 ut
1309 3707 1363 3797 qui
1382 3705 1451 3770 fata

116 3800 329 3889 fortunasque
357 3811 484 3883 patrum
507 3799 653 3884 vitasque
678 3798 872 3905 principum·
889 3801 1045 3863 haberent
1065 3800 1097 3865 in
1117 3823 1231 3878 manti,
1262 3801 1450 3883 interceptis

114 3895 328 3983 vectigalibus
350 3893 575 3977 pecularentur
597 3913 656 3957 suo
678 3893 747 3957 iure
770 3915 837 3958 rena
860 3894 1055 3978 publicaml'
1099 3895 1218 3958 Florus
1240 3895 1307 3959 111.
1333 3896 1391 3972 17,
1415 3894 1449 3959 3.

201 3986 252 4063 De
278 3990 338 4052 bac
359 3988 431 4074 lege
452 3986 616 4052 iudiciaria
641 3987 713 4050 vide
739 4008 820 4073 qnos
842 3990 949 4052 laudat
972 3985 1119 4055 Creuzer
1141 3988 1257 4054 Abriss
1283 3993 1340 4054 der
1360 3997 1449 4055 rbnr.

117 4082 233 4167 Antiq.
257 4086 289 4158 §.
312 4083 443 4149 89.-
477 4082 566 4163 Quae
592 4080 786 4145 Plutarchus
808 4085 846 4147 de
870 4083 931 4145 bac
957 4082 1031 4168 lege
1053 4082 1134 4146 dixit
1161 4106 1196 4148 ea
1220 4083 1339 4149 Liuiae
1365 4085 1450 4148 iudi·

118 4176 234 4242 ciariae
249 4176 350 4263 magis
365 4177 539 4242 convenire
554 4197 649 4260 quarn
664 4176 887 4260 Semproniae
903 4188 991 4241 recte
1007 4177 1172 4243 adnotavit
1181 4180 1311 4245 Walter
1327 4180 1450 4244 Gescb.

118 4274 172 4336 des
195 4273 294 4337 Rom.
318 4271 491 4336 Rechtsl.
515 4291 549 4354 p.
573 4270 647 4334 241.

286 4432 501 4507 Santraourn,
525 4434 568 4492 ire
588 4429 667 4515 quir
687 4427 818 4494 indicio
839 4429 1158 4497 circumueniretur.

203 4552 355 4637 ,Atque‚
380 4562 414 4616 ut
432 4549 573 4629 omittam
588 4551 679 4636 leges
693 4551 769 4617 alias
785 4572 912 4629 ornnes,
936 4552 1053 4638 quibus
1068 4575 1127 4620 nos
1141 4555 1210 4644 (qui
1229 4555 1449 4644 magistratum

117 4647 332 4717 babuerunt
323 4667 396 4710 anve
411 4657 523 4718 senatu
541 4645 727 4710 sententiam
743 4645 892 4710 dixerunt
901 4649 927 4730 ,)
949 4661 1110 4727 tenemur,
1133 4652 1232 4718 ceteri
1248 4666 1353 4717 autem
1373 4666 1449 4718 sunt

117 4741 247 4809 ordines
265 4736 408 4804 liberati
443 4741 525 4803 bane
545 4740 645 4823 ipsam
671 4741 794 4827 legem,
825 4763 871 4807 ne
893 4742 980 4828 quis
1002 4743 1151 4810 iudicio
1174 4747 1450 4811 circumveni-

117 4849 249 4914 retur,
271 4837 310 4903 G
326 4835 502 4900 Gracchus
516 4834 607 4899 tulit:
631 4855 699 4898 earn
715 4835 820 4919 legem
832 4858 894 4919 pro
909 4826 1023 4920 plebe,
1043 4859 1109 4904 non
1124 4839 1156 4904 iu
1171 4843 1315 4924 plebem,
1337 4840 1448 4905 tulit'’
