3328 5576
370 402 378 421 ,
459 339 891 409 GRAECO-LATINUS.
1295 342 1336 405 ts

71 491 160 555 Icum
175 484 298 552 officium
321 494 464 559 rectum,
496 482 632 567 opinor,
663 505 833 559 vocemus,
862 485 950 567 quod
972 482 1089 549 Graeci
1112 483 1334 568 nordpbopu:
1428 490 1435 503 ⁸

72 586 209 647 Martem
227 600 391 643 commuue
413 582 560 658 καθῆκον
583 578 743 643 vocant.”
786 581 825 641 de
849 578 949 643 Offic.
972 578 1003 642 l.
1028 580 1067 655 3,
1091 578 1124 642 8.

129 675 290 743 Καδολικδν
312 675 484 757 θεώρημα,
508 684 711 756 perceptum
735 672 847 749 ortis,
882 672 975 758 quod
1004 673 1040 736 in
1071 694 1189 738 omnes
1216 695 1335 739 couve-

72 771 131 844 υἱοί,
150 770 259 851 dogma
277 770 453 852 generale.
496 814 513 841 ,
527 768 625 848 Quod
646 788 695 830 me
718 767 878 844 hortaris,
909 780 946 832 ut
974 766 1125 852 scriptam
1153 768 1333 832 contionem

69 867 164 939 uittam,
188 864 287 946 accipe
310 884 328 926 a
352 885 417 937 rue,
451 861 492 924 mi
513 862 639 937 Attice,
669 863 849 929 substando
877 861 1034 948 θεώρημα
1064 883 1172 926 carium
1199 883 1331 940 rerum,

65 959 188 1045 inquibus
207 959 278 1022 satis
300 956 468 1021 exercitati
490 956 638 1020 sumus.’'
682 960 722 1020 sd
744 954 816 1022 Au.
840 958 943 1022 XIV.
965 959 1028 1033 20,
1052 958 1086 1021 3.

119 1058 178 1121 ltu
190 1057 336 1139 Κικέρων
357 1055 376 1118 ὁ
395 1051 582 1133 φιλόσοφος
603 1053 660 1118 τὸν
686 1054 854 1118 πολιτικὸν
876 1056 975 1118 Τίτον
995 1052 1195 1131 ἀσπάζεται,
1222 1064 1257 1117 et
1276 1052 1333 1118 Ci-

56 1171 115 1213 cero
136 1150 345 1232 philosophata
379 1147 500 1212 Τίειαη
531 1146 585 1210 rei
612 1147 771 1229 publicae
798 1145 953 1230 peritum
985 1146 1127 1211 salutas.
1185 1149 1224 1213 ad
1258 1149 1331 1213 Att.

56 1246 94 1307 II.
111 1245 157 1319 st,
178 1245 206 1307 t.

116 1342 176 1403 Καὶ
195 1339 280 1422 μάλα
306 1339 472 1420 κατηφής,
509 1348 543 1400 et
572 1336 760 1403 admodum
785 1337 911 1401 tristis.
963 1389 979 1420 ,‚
992 1335 1091 1401 Venit
1117 1334 1171 1399 ille
1200 1337 1239 1400 ad
1261 1358 1329 1413 me,

55 1444 96 1498 mi
113 1432 187 1517 μάλα
209 1432 361 1515 κατηφής.
371 1432 389 1459 ”
434 1433 475 1497 ad
496 1431 570 1495 Au.
591 1431 694 1495 XIII.
718 1432 777 1511 42,
802 1435 832 1499 1.
1345 1448 1348 1459 ’

117 1531 175 1593 Kat
189 1529 274 1611 μάλα
295 1527 433 1612 σεμνός,
461 1537 495 1590 et
515 1525 613 1589 uelde
635 1528 766 1609 gravis.
811 1529 852 1591 ad
872 1530 944 1594 Art.
967 1531 1052 1596 XV.
1078 1530 1136 1606 tt,
1161 1525 1194 1587 1·

116 1627 175 1689 Καί
191 1630 442 1698 συναποθανεῖν,
465 1631 499 1684 et
520 1620 700 1684 commori.
745 1623 842 1707 ,Ego
864 1634 969 1688 sutem
991 1625 1023 1688 iu
1046 1625 1140 1695 ltalia
1162 1635 1220 1692 καί
1234 1647 1333 1690 συνα-

56 1717 207 1782 sobosu'r.'’
246 1721 285 1779 od
306 1717 380 1781 Ast.
402 1715 488 1780 VII.
511 1714 569 1791 20,
594 1715 627 1777 2.

115 1815 173 1877 Καὶ
195 1809 260 1878 τόδε
282 1815 492 1886 Φωκυλίδου,
526 1813 574 1875 Et
600 1812 664 1873 hoo
690 1809 905 1898 Phoeylt'dis.
940 1814 1000 1877 ‘td
1028 1815 1100 1880 Au.
1127 1816 1194 1879 IV.
1227 1814 1265 1888 9,
1298 1815 1330 1875 1.

58 1903 145 1970 Cicero
162 1906 193 1968 de
213 1906 373 1988 Pompeio
395 1904 442 1967 sic
455 1903 584 1967 scribit:
608 1906 687 1969 Nos
700 1905 756 1967 hic
771 1927 848 1969 eum
863 1910 1027 1990 Pompeio
1029 1908 1192 2002 fuimus.
1210 1909 1332 1973 Multa

59 2021 153 2063 uuum
170 1998 205 2063 de
224 2021 258 2063 re
276 1998 430 2083 publiea,
454 2018 538 2061 sane
559 1996 623 2064 sibi
644 1998 847 2080 displicens,
870 2013 915 2067 ut
941 2000 1222 2088 loquebaturs
1257 2002 1332 2084 (sio
1433 1992 1440 2005 ’

61 2104 97 2155 est
111 2093 180 2183 euim
195 2093 228 2156 iu
247 2096 312 2157 hoe
333 2090 473 2157 homine
494 2091 714 2170 dicendum)
743 2093 888 2179 Syriam
908 2118 1090 2182 spernens,
1124 2095 1332 2181 Hispaniam

67 2186 169 2265 uocas,
192 2190 241 2253 bie
266 2209 423 2274 quoque,
453 2197 503 2250 ut
535 2187 812 2271 loquebatur,
849 2190 995 2269 (solebat
1016 2191 1089 2256 scii.
1111 2190 1215 2255 iudice
1238 2189 1332 2253 etiam

72 2277 149 2343 tuto
163 2284 192 2345 sd
206 2285 295 2347 Fam.
319 2281 425 2345 VIII.
450 2284 482 2342 1.
505 2280 682 2363 Pompeius
702 2279 788 2344 aliud
810 2283 929 2346 sentire
951 2298 983 2349 et
1004 2286 1114 2372 loqui,
1137 2307 1241 2371 neque
1263 2296 1333 2349 tan·

73 2382 119 2434 mu
133 2374 208 2440 udus
224 2376 374 2461 ingenio,
399 2385 433 2437 ut
455 2395 521 2439 uon
543 2385 714 2457 appareret
736 2377 825 2459 quml
847 2381 1001 2459 cuperet)
1022 2392 1057 2444 et
1077 2381 1203 2464 opinor
1223 2398 1332 2464 usque

69 2480 174 2551 utque,
189 2471 222 2534 de
240 2475 308 2536 hoc
330 2491 410 2537 oum
424 2469 592 2545 dicemus,
616 2468 739 2533 sithoc
754 2471 856 2554 quasi
877 2483 945 2537 καὶ
966 2474 1059 2540 τόδε
1083 2476 1328 2540 Φωκυλίδου.

68 2560 251 2630 Rectebsecsic
259 2565 492 2646 interpretatur
500 2563 679 2627 Manutius:
696 2562 797 2637 ,Cum
810 2567 847 2627 de
855 2566 1006 2648 Pompeii
1016 2567 1169 2631 sententia
1180 2565 1330 2640 dicemus,

65 2673 152 2736 suuper
168 2660 271 2741 opinor
293 2660 493 2732 addendum,
525 2667 564 2719 ut
585 2657 801 2741 loquebatur.
856 2658 905 2722 Sit
925 2660 991 2724 hoc
1012 2660 1114 2724 simile
1135 2660 1218 2723 illius
1241 2660 1330 2722 dimi-

67 2745 274 2817 detrusimus
322 2757 395 2819 Kal
421 2751 494 2819 τόδε
521 2755 718 2817 Φωκυλίδου.
762 2754 847 2816 Eum
869 2752 950 2817 coitu
973 2755 1169 2837 Phocylides
1183 2753 1221 2818 iis
1236 2773 1330 2835 prae·

67 2841 143 2920 ttulit,
169 2869 239 2932 quae
268 2847 342 2930 ipse
370 2846 514 2909 versibus
542 2847 706 2922 tradebat,
741 2868 943 2931 praeponere
971 2849 1085 2914 solitus
1107 2862 1178 2915 est.
1212 2850 1267 2913 Εκ
1289 2868 1329 2911 co

67 2932 159 3016 heum,
187 2953 218 3004 ut
243 2938 382 3015 Graeci,
415 2961 486 3003 cum
517 2937 706 3020 Pbocylidis
734 2941 920 3005 seutentiam
954 2955 1009 3006 aust
1036 2965 1165 3011 versum
1191 2942 1329 3011 recitare

64 3029 157 3107 vetent,
185 3035 239 3118 ipsi
272 3056 405 3120 quoque
434 3033 594 3113 dicerent,
626 3045 684 3099 καί
713 3036 786 3102 τόδε
822 3040 1022 3104 Φωκυλίδου.
1081 3039 1191 3104 Fuisse
1225 3049 1328 3101 etitem

63 3121 200 3206 Pboeylidis
222 3129 504 3204 cousuetudinem,
534 3140 570 3190 ut
590 3127 733 3192 scribens
754 3131 820 3194 hoc
840 3132 1040 3197 hemistiobio
1069 3133 1196 3217 saepius
1224 3144 1331 3197 utere-

62 3223 264 3294 tutelerunt
287 3244 422 3297 versus,
447 3223 502 3306 qui
525 3224 608 3305 apud
629 3222 803 3288 stobaeum
825 3224 977 3310 leguntur
998 3248 1030 3292 o.
1055 3228 1109 3292 71.

181 3323 248 3386 Καὶ
274 3318 351 3387 τόδε
371 3322 569 3384 Φωκυλίδεω·
598 3318 737 3405 atropos
759 3320 829 3385 α’κὸ
848 3325 947 3387 ταῖνδε
967 3334 1098 3404 γένοντο

63 3420 67 3431 ’
184 3418 269 3481 Φῦλα
297 3424 495 3499 γυναικείων.

63 3495 311 3583 bumannum
334 3529 364 3570 c.
387 3506 442 3570 85.

180 3606 247 3668 Καὶ
262 3605 338 3670 τόδε
357 3606 555 3667 Φωκυλίδου·
577 3602 614 3668 τὸ
631 3610 728 3668 πλέον
748 3614 840 3687 γένος
863 3607 987 3687 εὐγενὲς
1008 3602 1111 3679 εἶναι,
1135 3622 1142 3633 ’

182 3694 234 3773 Οἷς
249 3698 315 3764 οὔτ’
339 3707 374 3762 ἐν
396 3696 515 3784 μύθοις
536 3695 650 3763 ἕπεται
670 3698 781 3784 Χάρις
797 3697 862 3763 οὔτ’
887 3710 936 3764 ἐνί
956 3703 1074 3784 βουλῇ.

71 3771 337 3885 bruimauveru
368 3789 523 3873 scriptum
556 3810 626 3854 esse
655 3792 739 3873 apud
767 3790 905 3856 Dionem
934 3791 1201 3873 chrysostomum
1229 3791 1262 3855 in
1291 3813 1329 3855 oa

76 3884 178 3955 mun,
207 3906 286 3969 quae
314 3883 466 3966 iuscripta
495 3894 542 3948 cst
572 3883 846 3965 Borysthenitiea.
896 3887 1016 3950 Strabo
1045 3897 1147 3949 autem
1174 3885 1259 3961 libro
1289 3888 1328 3950 de

76 3961 219 4057 thpbia
247 3980 371 4045 decimo
401 3977 478 4042 satis
506 3978 644 4042 ostendit
672 3980 753 4042 haec
780 3979 850 4061 ipsa
875 3982 976 4043 verba
997 3979 1166 4062 instirparI,
1189 4000 1261 4043 cum
1289 3982 1328 4043 de

72 4052 197 4169 {butu
216 4074 370 4139 sententia
393 4084 519 4137 veteres
541 4072 762 4157 loquerentur.
783 4073 882 4140 Ἔστι
908 4081 956 4151 δὲ,
978 4074 1100 4165 iuquit,
1123 4086 1181 4140 καί
1203 4075 1328 4161 ’Apop-

67 4174 108 4226 705
122 4165 163 4226 ’ὦ
182 4170 376 4257 Σποράδων,
406 4168 485 4234 ὅθεν
515 4162 554 4247 ἧν
582 4168 781 4251 Σιμωνίδης,
812 4172 914 4235 ὁτῶν
935 4170 1066 4253 ἰάμβων
1091 4167 1238 4249 ποιητής,
1271 4180 1328 4235 καί

66 4245 178 4335 Abbius
199 4275 252 4329 καί
271 4267 388 4349 Λερία.

182 4360 250 4423 Καί
269 4359 342 4425 τόδε
368 4361 564 4424 Φωκυλίδου·
586 4360 706 4446 Λέρνον
726 4370 839 4436 κακοί,
861 4362 923 4439 οὐχ
943 4362 962 4425 ὃ
982 4370 1056 4443 μὲν,
1080 4359 1116 4433 ὃς
1141 4359 1170 4421 δ’
1193 4354 1263 4422 οὕ.”

64 4428 181 4511 husu
197 4451 373 4516 Msuutius.
396 4454 432 4517 S.

117 4536 229 4621 tusa,
251 4546 388 4620 vitium,
418 4544 603 4610 uitiositas.
649 4546 765 4628 „Quas
787 4546 907 4611 Graeci
928 4556 1045 4623 κακίας
1068 4546 1246 4627 appeliant,
1277 4545 1326 4608 vi·

64 4617 282 4727 &ficuum
300 4639 453 4705 matutae
473 4639 680 4705 nominarc.’'
724 4643 764 4705 de
785 4642 881 4705 Fiuu.
902 4640 971 4704 111.
996 4641 1056 4715 11,
1081 4640 1133 4704 39.
1158 4674 1195 4686 -
1241 4637 1327 4722 „Sin

66 4726 311 4797 wudetun
327 4733 476 4809 dixisses,
500 4736 540 4796 ad
562 4733 647 4798 aliud
667 4756 727 4799 nos
748 4755 844 4798 tinum
864 4744 985 4797 certum
1002 4733 1111 4796 vitium
1127 4732 1324 4798 consuetudo

66 4803 340 4894 l‘filittdutcrcu
382 4830 477 4893 Nunc
503 4827 589 4893 omui
611 4828 723 4893 virtuti
745 4829 865 4893 uitium
885 4827 1050 4893 contrario
1072 4827 1197 4892 nomine
1220 4845 1325 4906 oppo-
