3490 5586
630 394 781 516 1npex
801 404 1000 483 necem:
1272 402 1275 403 *
1407 417 1474 485 rar

150 555 330 633 ferrentur,
368 554 483 639 quibos
514 554 649 619 liberum
678 556 841 620 arbitrium
871 556 987 621 civium
1017 558 1236 624 Romanorum
1268 571 1475 626 coerceretur

151 663 207 714 aut
224 654 261 715 de
274 648 426 734 legitima
441 670 578 715 'suorum
594 651 744 712 heredum
759 662 790 713 et
804 651 1115 735 consanguineorum
1135 653 1335 719 succmsione
1358 656 1476 740 aliquid

150 744 411 829 praeciperetur,
445 764 528 828 quae
549 766 622 807 cuns
644 756 756 806 natura
779 744 849 827 ipsa
877 744 996 808 sancite
1023 756 1089 808 tum
1104 748 1342 813 -eossursnttne
1362 749 1477 833 populi

152 838 288 909 Romani
313 849 471 920 perpetua
494 858 587 921 quaro
613 836 747 901 maxime
769 839 953 903 confirmata
977 848 1060 902 erat.
1102 840 1217 923 Itaque
1242 843 1413 909 Voconius
1435 847 1476 908 de

150 932 314 997 mulierum
336 932 561 1007 hereditatibus
584 953 627 995 ex
650 932 802 996 intestato
824 932 899 996 nihil
921 932 1105 1015 praecepit,
1128 938 1185 1001 sed
1205 934 1238 998 ie
1263 947 1383 999 tantum
1407 937 1474 1001 effi·

148 1047 223 1089 ome
244 1025 380 1101 studuit,
416 1037 449 1089 ut
474 1048 513 1089 ne
537 1026 729 1091 testamentis
757 1048 889 1112 magnae
913 1047 992 1108 opes
1019 1029 1058 1090 ad
1087 1026 1233 1093 mulieres
1254 1029 1474 1111 pervenirent.

147 1118 241 1183 Vidit
265 1120 351 1182 nulla
376 1120 499 1185 ratione
525 1120 607 1183 effici
635 1134 820 1203 posse,·ut
851 1121 998 1186 mulieres
1026 1124 1218 1204 pecuniosae
1234 1123 1282 1187 ·in
1311 1127 1476 1213 republica

147 1213 278 1279 omnino
292 1234 356 1278 non
374 1226 490 1290 esseut,
507 1232 609 1298 neque
624 1213 657 1278 id
671 1215 753 1277 effici
772 1215 884 1292 voluit,
902 1217 958 1279 sed
970 1235 1084 1278 carere
1095 1215 1233 1292 aristot„
1243 1238 1280 1281 ne
1295 1219 1327 1281 id
1347 1233 1475 1301 praeter

146 1319 293 1373 naturam
313 1308 594 1392 necessitatemque
609 1309 700 1372 nimis
715 1324 810 1392 saepe
826 1309 997 1373 accideret.
1042 1312 1166 1373 Verum
1187 1312 1281 1375 etiam
1301 1311 1470 1392 intellexit,
1571 1322 1576 1331 '
1655 1372 1665 1385 .

147 1424 252 1486 neque
273 1423 368 1485 saepe
384 1402 531 1479 evenus,
556 1415 610 1481 ut,
626 1402 654 1466 si
670 1403 740 1487 quis
762 1425 991 1488 magnasopes
1012 1402 1178 1468 intestatus
1204 1406 1400 1491 reliquisset,
1425 1406 1475 1474 sui

146 1498 282 1561 heredes
311 1508 343 1559 et
378 1493 514 1579 legitimi
542 1518 605 1560 non
632 1508 738 1562 rescat
764 1497 823 1561 nisi
849 1498 1016 1573 mutieres,
1048 1509 1081 1559 et
1106 1519 1162 1562 eos
1191 1501 1308 1578 etiam3'
1337 1522 1474 1589 quorum
1567 1496 1570 1499 ⁵

147 1612 235 1674 open
256 1591 284 1654 si
312 1589 455 1653 intestati·
478 1592 667 1655 decederent
689 1594 729 1655 ad
751 1592 900 1656 mulieres
921 1604 1135 1674 perventurae
1163 1608 1269 1661 cuent
1292 1594 1376 1660 bend
1397 1618 1475 1663 raro

146 1695 333 1751 testamenta
354 1683 497 1769 tacturos
518 1706 606 1760 esse,
630 1698 663 1747 ut
683 1698 737 1748 ant
757 1696 894 1749 tutorem
920 1690 1031 1749 darent
1052 1698 1106 1750 siit
1127 1691 1299 1753 seeundum
1322 1693 1472 1755 heredem

145 1779 346 1847 instituerent
370 1790 423 1842 aut
448 1780 551 1863 legata
573 1782 768 1844 mandarent.
811 1780 908 1861 Quod
927 1802 967 1849 eo
983 1782 1082 1865 magis
1098 1782 1223 1864 sperari
1239 1794 1385 1865 poterat,
1408 1806 1474 1870 quo

145 1873 380 1957 propensiores
401 1876 439 1936 ad
456 1884 641 1936 testamenta
661 1877 826 1939 condenda
848 1873 970 1939 animos
992 1877 1212 1941 Romanorum
1235 1877 1335 1941 lesisse
1356 1878 1474 1941 intelli·

147 1969 264 2052 pimus.
308 1967 345 2031 Si
364 1966 533 2050 quievero
556 1980 745 2032 testamento
765 1971 804 2034 de
815 1970 993 2034 hereditate
1010 1970 1128 2054 aliquid
1145 1970 1333 2054 praecipere
1355 1971 1473 2049 voluit.

149 2064 221 2147 lege
243 2064 283 2124 de
301 2060 538 2125 hereditatibus>
552 2062 716 2126 mulierum
740 2066 926 2140 tenebatur,
961 2065 1089 2128 etiamsi
1107 2064 1137 2128 ei
1159 2065 1309 2129 intestato
1329 2065 1396 2129 fitis
1421 2077 1475 2129 aut

152 2175 252 2220 soror·
267 2157 359 2219 heres
382 2154 489 2219 lutura
514 2154 640 2219 inisset.
693 2158 784 2221 Haec
806 2170 974 2241 antequam
1001 2161 1046 2221 de
1063 2159 1134 2244 lege
1159 2159 1227 2242 ipsa
1257 2162 1475 2242 exponeretur
1566 2196 1576 2223 x
1662 2203 1669 2213 ·

152 2248 275 2313 moneri
299 2250 482 2324 debebant„
506 2270 545 2311 ue
574 2249 810 2313 difficultatibus
836 2252 876 2315 iis
897 2254 1156 2335 implicaremur,
1192 2255 1306 2338 quibus
1330 2255 1473 2339 plerique

152 2342 208 2426 qui
227 2344 387 2427 hucusque
407 2346 445 2407 de
467 2344 539 2428 lege
561 2344 699 2407 voconia
720 2344 917 2425 seripsertmt
938 2347 1045 2410 vexati
1068 2358 1157 2423 stret,
1182 2370 1253 2411 cum
1276 2370 1341 2414 non
1359 2350 1475 2414 intelli-

147 2447 267 2521 gerent
285 2441 446 2522 quomodo
465 2438 654 2501 hereditates
669 2458 708 2500 ex
724 2437 873 2503 intestato
889 2459 959 2501 eum
981 2462 1017 2503 ea
1034 2440 1197 2504 conciliari
1213 2455 1357 2524 possent.
1404 2444 1473 2507 Nos

148 2552 230 2595 vcro
257 2531 358 2595 secuti
384 2553 491 2596 erimus
521 2531 689 2606 Hassium,
725 2531 845 2614 quide
876 2532 1013 2597 consilio
1041 2534 1124 2618 legis
1151 2535 1271 2616 optime
1301 2536 1473 2620 explicarit

45 2680 48 2685 .
144 2647 182 2709 p.
206 2626 268 2690 188
290 2647 365 2709 sqq.

233 2720 376 2784 Primum
398 2719 495 2804 igitur
513 2721 578 2784 *hae
600 2722 672 2804 lege
695 2732 818 2784 eautrrm
842 2734 908 2786 esti

275 2813 329 2898 qui
351 2825 475 2877 centum
499 2814 583 2879 milia
606 2814 688 2878 aeris
709 2837 821 2880 census
843 2830 945 2894 emet,
982 2839 1021 2885 ne
1044 2817 1113 2903 quis
1135 2809 1299 2882 mulierem
1320 2818 1472 2881 heredem

147 2958 151 2965 .
337 2908 526 2971 institueret.
1196 2908 1200 2912 ⁴
1233 2971 1236 2975 .
1263 2898 1286 2975 i
1427 2932 1430 2945 ¹

232 3001 333 3067 Gaius
362 3002 464 3078 Its.
488 3002 569 3065 tte:
602 3003 852 3081 item-mulier,
883 3028 972 3091 quoe
999 3008 1353 3093 strenuissumus
1376 3005 1475 3069 milio

141 3098 239 3163 osric
265 3117 389 3160 remus
421 3108 472 3159 est
489 3138 491 3145 ‹
503 3118 566 3179 per
594 3100 706 3180 legem
732 3098 910 3163 euronium
940 3103 1039 3166 lieres
1068 3101 1206 3165 institui
1237 3121 1308 3165 non
1327 3111 1470 3183 potest,

143 3205 262 3258 tomen
276 3189 554 3268 fideicommisso
576 3193 731 3256 relietum
752 3193 818 3256 sibi
841 3195 1066 3263 hereditatem
1087 3217 1209 3279 repere
1226 3206 1354 3278 potest.
1404 3193 1472 3258 Dio
1548 3198 1553 3209 “

145 3283 280 3351 Cassius
300 3284 398 3348 LVI.
423 3287 493 3347 toz.
515 3285 577 3351 trin
600 3288 816 3367 reponeretis
842 3311 909 3353 τισι
932 3295 987 3355 καὶ
1009 3286 1103 3401 παρὰ
1125 3286 1182 3356 τὸν
1207 3283 1399 3356 οὐοκώνειον
1420 3281 1474 3353 ro·
1598 3296 1602 3304 '

143 3402 225 3467 μον,
254 3374 336 3444 καθ’
367 3372 405 3443 ὃν
427 3374 564 3469 οὐδεμιᾷ
585 3374 693 3446 αὐτῶν
714 3377 845 3458 οὐδενὸς
863 3377 944 3468 ὑπὲρ
966 3378 1025 3449 irio
1046 3404 1149 3468 ημισιι
1169 3376 1336 3469 μυριάδας
1359 3374 1475 3457 οὐσίας

143 3477 358 3560 κληρονομεῖν
379 3472 465 3553 ἐξῆν,
500 3468 700 3562 συνεχώρησε
720 3477 818 3542 τοῦτο
840 3483 954 3543 ποιεῖν.
996 3478 1101 3557 (Bene
1123 3475 1205 3539 enim
1230 3477 1270 3537 ab
1290 3472 1473 3537 hominihus

144 3566 248 3632 torus
267 3578 471 3648 perspectum
495 3579 557 3640 est,
577 3569 667 3637 huuc
686 3569 779 3631 huius
801 3568 864 3633 loci
880 3590 1006 3633 sensum
1028 3590 1127 3633 esses
1139 3581 1261 3633 contro
1282 3571 1394 3652 legem
1414 3589 1472 3633 vo-
1517 3586 1525 3607 ν

143 3660 299 3738 eonium,
331 3682 397 3743 per
422 3682 534 3744 quom,
553 3661 691 3724 mulieri
709 3682 779 3724 non
801 3663 922 3725 licebat
943 3685 990 3725 err
1018 3674 1222 3728 testamento
1246 3680 1369 3745 cupere
1393 3663 1472 3743 ptus

144 3753 436 3838 vigintiquinque
456 3755 555 3818 milio
576 3754 758 3817 denarium
779 3777 826 3817 ex
844 3757 966 3837 opibus
984 3758 1147 3832 olis-uires,
1172 3756 1194 3819 i.
1221 3776 1251 3819 e.
1267 3754 1393 3818 mulieri
1407 3773 1473 3816 non
1574 3754 1576 3758 ’

147 3849 266 3911 licebat
285 3848 396 3911 heredi
418 3869 489 3913 esse
511 3849 579 3913 eius
594 3848 647 3933 qui
669 3848 742 3930 plus
758 3847 869 3931 viginti
886 3849 1024 3932 quinque
1040 3849 1126 3912 utilia
1140 3849 1300 3912 denarium
1319 3849 1469 3911 heberetr
1526 3848 1528 3855 ’

59 3982 66 3993 ·
147 3943 198 4005 V.
220 3941 393 4022 Zumptius
410 3963 444 4023 p.
468 3943 554 4019 tet.)
578 3941 899 4035 Pseudo-Asconius
916 3946 954 4004 ad
970 3944 1103 4006 Verrio.
1120 3944 1147 4008 1.
1163 3947 1223 4019 ll,
1245 3942 1317 4004 tot.
1333 3943 1382 4021 (p.
1401 3938 1473 4004 188.

147 4036 203 4099 ed.
225 4035 347 4115 Reid:
382 4037 840 4120 nequeeensueesset]
863 4056 969 4120 neque
993 4048 1130 4099 centum
1151 4037 1249 4101 milio
1275 4033 1474 4098 sertertium
1539 4032 1547 4037 ’

144 4128 353 4212 possideret.
387 4133 508 4196 More
535 4143 690 4194 ueterum
715 4129 831 4194 censi
858 4129 1075 4204 dicebantur,
1116 4131 1176 4214 qui
1208 4140 1345 4193 centum
1371 4126 1474 4191 milia

142 4217 370 4313 professione
391 4225 605 4291 detulissent.
649 4223 859 4297 Huiusmodi
881 4223 969 4287 odeo
976 4219 1179 4312 facultates
1200 4242 1352 4287 census
1372 4241 1471 4285 uoco·

146 4316 309 4381 tantun·
342 4319 530 4403 Quanquam
561 4318 641 4381 enim
668 4328 858 4399 personatus
888 4317 1133 4381 ille‘Asoonius
1165 4318 1270 4381 locum
1302 4313 1472 4380 Ciceronis

141 4410 231 4473 »male
253 4411 444 4493 explicarit,
468 4414 592 4496 dequo
614 4410 696 4474 inira
720 4410 915 4485 videbimus,
940 4409 1010 4473 iuro
1032 4422 1135 4473 tamen
1157 4408 1327 4493 Savignius
1350 4406 1473 4472 monuit

146 4525 183 4586 p.
208 4504 304 4579 ill„
328 4517 447 4569 tantum
469 4507 530 4568 hae
554 4504 758 4568 adnotatione
780 4502 878 4577 effici,
910 4516 945 4567 ut
970 4504 1102 4568 scivisse
1128 4503 1340 4588 intelligamus
1364 4504 1472 4567 Aaou.

143 4596 233 4661 nium
257 4620 409 4662 semmam
431 4601 585 4682 quandam
608 4596 760 4680 pecuniae
781 4596 814 4660 in
843 4597 914 4682 lege
935 4597 1005 4680 ipsa
1028 4597 1229 4663 constitutam
1252 4597 1363 4661 luisse.
1407 4600 1472 4662 Sed

147 4691 189 4753 de
214 4692 276 4754 hae
295 4692 365 4774 ipsa
388 4692 540 4776 pectiniae
562 4712 687 4754 stimme
706 4690 744 4754 lis
771 4703 832 4754 est.
883 4693 1043 4756 Asconius
1073 4692 1154 4755 enim
1184 4702 1216 4754 et
1243 4690 1308 4755 Dio
1341 4689 1473 4757 Cassius

147 4796 275 4848 eentum
291 4783 377 4849 milla
390 4787 585 4851 sestertium
599 4797 865 4860 commemorant,
891 4786 990 4850 Gaius
1003 4796 1127 4848 centum
1147 4786 1232 4851 milis
1248 4786 1360 4859 meis,
1385 4787 1472 4866 quod

147 4897 190 4940 es
207 4900 267 4943 usn
288 4880 444 4945 sermonis
457 4879 544 4944 latini
565 4879 690 4966 vulgari
709 4878 749 4942 de
765 4879 895 4943 ossibus
914 4877 1048 4964 intelligi
1065 4891 1208 4963 oportet.
1253 4881 1293 4946 ln
1307 4881 1367 4943 hac
1384 4878 1473 4942 testi-
