3220 5572
411 399 844 470 GRAECO-LATINUS.
1268 403 1309 468 85

48 544 71 610 id
94 558 139 622 est,
162 545 424 630 providentiam.''
475 547 513 608 de
535 546 611 609 Nat.
631 544 738 609 Deor.
766 546 813 610 ΙΙ.
838 546 897 622 29,
934 545 987 609 73.
1038 543 1139 609 Conf.
1163 545 1201 608 dc
1229 546 1309 608 Nat.

48 642 120 706 Dior.
137 642 174 705 II.
195 641 250 717 ot,
275 642 349 703 160.

102 739 350 820 Προοικονομείν,
380 747 618 818 praestruere,
646 734 864 819 precmolr'ri.
915 735 1005 810 ,Hie
1032 736 1311 822 προῳκονομησοέ-

44 828 224 913 μμρνίόελεοο
253 834 411 916 εὐκαίρως
434 833 473 892 de
499 828 557 904 iis,
593 828 729 912 quaein
760 828 894 892 Sestium
920 832 1156 912 apparabantur
1177 828 1310 892 erimine

42 935 129 984 dein
154 923 257 986 ornavi
288 923 373 987 veris
394 923 561 997 laudibus,
599 945 715 1008 rnagno
742 944 872 986 assensn
904 921 1085 986 omnium.'’
1135 926 1175 987 ad
1197 924 1241 1005 Q.
1264 923 1308 987 fr.

39 1016 117 1092 IId,
137 1018 164 1080 6.
204 1016 302 1086 Cont.
327 1019 456 1081 Victor.
479 1020 580 1081 Varr.
605 1021 714 1080 Lectt.
737 1018 796 1092 35,
823 1018 853 1079 lt.
1165 1014 1169 1023 “

95 1114 275 1197 Προοίμιον,
300 1113 522 1196 principium.
575 1111 814 1184 „Exordiornm
844 1114 908 1175 duo
929 1122 1002 1193 erint
1025 1132 1162 1195 genera,
1193 1107 1312 1192 princi-

30 1201 111 1287 pion,
137 1210 214 1289 qnod
239 1211 367 1271 Graece
387 1218 562 1293 προοίμιον
584 1205 778 1289 appelletur,
812 1215 844 1267 et
865 1204 1052 1280 insinuatio,
1086 1225 1167 1289 quae
1189 1204 1309 1285 ἔφοδος

30 1298 184 1363 coornatur.
233 1301 432 1384 Principium
457 1314 522 1377 est,
553 1323 623 1364 curn
651 1299 754 1362 stetini
782 1299 935 1364 perditoris
963 1298 1099 1361 animum
1122 1298 1215 1363 nobis
1240 1298 1314 1362 ido«

30 1414 100 1455 neon
117 1393 261 1458 reddimus
280 1398 321 1458 ad
344 1394 575 1459 audiendum.’'
621 1396 660 1457 ad
686 1394 831 1458 Herenn.
855 1394 886 1458 Ι.
911 1395 947 1470 lt,
972 1394 1004 1456 6.

91 1490 309 1575 Πρόπλασμα,
349 1491 541 1573 pericnlum
577 1489 778 1553 etaoorandi
810 1488 942 1571 operis,
975 1488 1074 1551 mdis
1103 1484 1311 1579 ittforrnetio

28 1583 131 1665 operis,¹
148 1585 329 1668 specimen,
361 1607 409 1648 ex
429 1607 497 1668 quo
520 1584 560 1648 de
584 1594 658 1646 toto
680 1605 799 1665 opere,
822 1580 1107 1670 qnatefntnrrem
1129 1581 1195 1657 eit,
1219 1581 1310 1644 todi.

28 1677 83 1737 rori
96 1690 203 1758 potest.
245 1678 348 1741 Hirtii
371 1678 505 1759 epistola
528 1730 545 1758 ‚‚
556 1676 629 1739 mihi
653 1676 743 1762 qnnsi
768 1677 971 1763 πρόπλασμσ.
995 1676 1123 1739 videtur
1143 1675 1208 1739 eius
1227 1676 1311 1739 vitn-

28 1772 178 1851 petitionis,
212 1795 307 1857 qoatn
335 1772 457 1837 Caesar
481 1771 609 1853 scripsit
635 1773 673 1832 de
701 1770 868 1835 Catone.''
912 1773 952 1832 ad
982 1772 1053 1835 Att.
1076 1770 1160 1834 XII.
1185 1771 1243 1846 41,
1277 1772 1309 1833 d.

28 1866 81 1926 Nos
107 1865 221 1929 dicimus
248 1869 308 1932 ein
340 1868 487 1932 Modett.
538 1871 699 1931 Formam
728 1865 835 1947 operis
863 1863 941 1927 dicit
965 1863 1083 1928 Cicero
1109 1863 1143 1926 in
1172 1885 1248 1949 epp.
1270 1867 1311 1929 ad

31 1957 98 2020 tan.
116 1960 173 2042 [Il.
192 1962 244 2043 8.]
290 1960 444 2046 Inprimis
465 1959 690 2024 statuariornrn
713 1959 880 2041 proprium
905 1970 966 2022 est.
1011 1961 1096 2023 Enn.

92 2056 305 2141 Προπύλαιον,
332 2056 547 2119 vestitutum.
599 2053 734 2136 „Audio
765 2054 904 2137 Appium
928 2054 1133 2143 προπύλαιον
1158 2053 1310 2120 Eleusine

38 2144 141 2211 neret
178 2151 467 2223 atAtt.V1.t‚
496 2150 548 2213 to.

102 2245 268 2325 Πρόπυλσν,
300 2244 516 2307 vestibulum.
569 2245 654 2325 „Me
678 2254 780 2307 tamen
802 2248 841 2308 de
864 2243 1057 2308 Academiae
1085 2247 1241 2338 προπύλῳ
1263 2247 1311 2311 iu·

45 2331 252 2489 bffiscogiine,
271 2360 345 2401 crint
372 2340 432 2401 iam
463 2338 590 2421 Appios
617 2343 654 2402 de
683 2338 834 2402 Eleusine
865 2362 928 2403 non
957 2339 1118 2424 c'ogitet.'’
1169 2349 1208 2410 od
1236 2347 1309 2410 Att.

82 2431 133 2503 .6,
149 2433 173 2497 2.
445 2434 448 2445 “

98 2526 450 2618 Προσανατρεφόμενος,
476 2510 667 2603 recreatris,
692 2527 827 2610 proprie
854 2532 974 2606 deco,
998 2533 1052 2617 qni
1074 2546 1150 2617 post
1164 2538 1310 2599 morbum

39 2632 121 2698 torpes
138 2623 255 2707 recipit.
306 2623 459 2705 ,Appius
482 2644 552 2685 curn
575 2627 608 2701 ἐξ
625 2627 833 2709 ἀφαιρέσεως
857 2624 1056 2707 provinciam
1078 2629 1215 2704 eiecerit,
1239 2651 1311 2692 san-

41 2708 126 2788 guinein
144 2717 276 2795 miserit,
314 2717 466 2802 qnidqnid
489 2717 593 2800 potnit
617 2717 810 2794 detraxerit,
848 2718 926 2782 mihi
949 2707 1117 2785 ttadiderit
1145 2724 1306 2801 enectam,

41 2827 344 2899 temerarpcoopctnpn
372 2834 437 2876 eom
468 2834 485 2875 a
512 2835 560 2875 rne
586 2833 649 2875 non
676 2811 815 2876 libenter
844 2814 970 2878 videt.''
1020 2817 1059 2878 ad
1086 2819 1159 2883 Att.
1182 2819 1247 2883 vl.
1270 2820 1307 2895 1,
1416 2902 1420 2907 ⁸

41 2896 60 2958 9·
85 2902 145 2968 Vffd·
164 2910 217 2987 Ἐξ
236 2912 456 2995 ἀφαιρέσεως.

93 3000 211 3083 Πρόσθε
240 3011 338 3078 λέων,
372 3002 487 3069 ὄπιθεν
514 3008 551 3068 δέ
579 3037 620 3048 -
648 3003 693 3066 ab
724 3004 898 3067 anteriore
923 3016 1026 3088 parte
1055 3009 1125 3081 leo,
1160 3026 1183 3068 a
1209 3017 1311 3088 tergo

38 3106 134 3151 cero-
167 3097 285 3177 „Quod
310 3098 348 3157 de
370 3096 479 3175 Quinti
502 3097 612 3160 fratris
635 3096 771 3179 epistola
796 3097 930 3174 scribis,
962 3102 1001 3161 ad
1029 3118 1078 3165 rna
1101 3122 1231 3184 qttoqne
1251 3100 1311 3162 snit

37 3172 136 3257 Πρόσθε
154 3185 239 3257 λίων,
271 3181 386 3259 ὄπιθεν
406 3186 442 3246 δέ
464 3212 506 3224 -
535 3182 729 3266 qniddicanr
753 3183 900 3247 nescio.’'
950 3187 988 3245 ad
1014 3184 1244 3258 Att.11.16‚
1276 3188 1308 3248 lt.

36 3262 182 3336 Homericos
201 3288 318 3339 verens
341 3274 466 3358 integer
487 3274 534 3338 sic
552 3277 668 3339 habet:
696 3276 821 3363 πρόσθε
849 3284 942 3354 λέων,
973 3274 1088 3345 ὄπιθεν
1109 3283 1144 3343 δὲ
1165 3280 1309 3365 δράκων,
1350 3284 1352 3291 ’

36 3370 106 3440 μόνον
128 3372 158 3433 dt
175 3381 336 3457 χίμαιρα,
358 3383 438 3433 onte
453 3372 526 3444 leo,
549 3391 573 3432 a
593 3382 760 3455 tergoque
782 3372 908 3446 droco,
933 3370 1045 3437 medio
1067 3375 1145 3458 ipen
1164 3378 1307 3459 capella.

37 3445 176 3524 Chimaerae
197 3463 372 3545 descriptio
395 3484 436 3525 ex
458 3463 552 3526 Iliad.
576 3476 610 3541 ζ,
636 3466 708 3529 181.

54 3640 59 3649 ,
93 3554 170 3637 Πρός
193 3562 268 3624 ἴσον
296 3559 495 3641 ὅμοιονᾳιιο,
531 3558 776 3641 adaequalem
797 3560 1021 3651 sirnilernque.
1068 3562 1164 3643 „Nec
1186 3564 1309 3627 meher-

43 3638 202 3799 egenter-ipsi
227 3652 322 3716 aliter
350 3674 386 3713 ac
415 3651 440 3714 si
471 3652 554 3739 πρὸς
587 3657 661 3717 ἴσον
692 3652 873 3737 ὅμοιονᾳσο
906 3653 1122 3717 scriberem.”
1174 3659 1212 3718 ad
1234 3658 1306 3721 An.

101 3744 175 3821 st,
200 3750 229 3809 1.
351 3768 356 3779 ’
839 3810 844 3821 ,

97 3834 291 3922 Πρόσληψις,
314 3841 519 3922 assumptio.
566 3892 581 3922 ‚,
591 3843 654 3903 Sed
682 3843 789 3902 demtis
814 3839 871 3902 tibi
896 3840 971 3904 istas
999 3844 1076 3906 ditas
1097 3842 1308 3926 sumptiones,

52 3932 153 4006 ”ettae
172 3935 324 4019 λήμματα
342 3936 504 4017 appellant
526 3932 698 4008 dialcetici3
722 3936 778 3997 sed
800 3956 859 3996 nos
886 3936 1001 3999 Latine
1021 3936 1110 4020 loqui
1137 3937 1308 4002 malnnnts:

48 4024 166 4164 ἓψρλίο
188 4040 310 4101 tamen,
347 4051 440 4111 quarn
467 4029 659 4115 πρόσληψιν
687 4028 780 4092 iidem
803 4040 938 4105 vocant,
970 4050 1034 4093 non
1058 4030 1226 4093 dabitur.''
1270 4034 1309 4096 de

78 4127 119 4174 dt·
134 4119 175 4182 II.
197 4122 258 4197 63,
283 4122 356 4185 108.

45 4286 81 4355 w
97 4210 302 4370 Ιξρόρνευσις,
327 4239 501 4281 assensus.
548 4217 636 4292 „Hic
657 4239 787 4302 qnoque
810 4220 1008 4303 πρόσνεοσιν
1032 4219 1227 4288 sustidisti.''
1272 4227 1309 4286 ad

41 4338 48 4349 ⁴
82 4342 90 4359 ·
133 4350 141 4368 ·
220 4312 252 4374 9.

97 4356 304 4487 Προσόάοχω.
332 4406 410 4470 vid.
436 4410 494 4489 Tot
517 4411 616 4491 καλῷ.

94 4490 172 4579 Πρὸς
191 4505 278 4566 ταῦθ’
302 4501 366 4566 ὅτι
383 4503 447 4589 χρῆ
463 4514 519 4567 καλ
541 4503 786 4586 παλαμάσθων,
811 4505 884 4568 Καὶ
904 4508 970 4569 παῗν
994 4506 1042 4568 ἐπ’
1058 4516 1131 4588 ἐμοὶ
1152 4520 1311 4572 τεκταινέ-

41 4582 108 4644 reor
136 4592 177 4656 Τό
200 4597 262 4678 γὰρ
287 4592 325 4662 cd
343 4599 411 4679 μετ’
439 4600 529 4680 ἐμοῦ.
574 4597 750 4661 Adversas
773 4599 857 4673 hoe,
891 4597 983 4682 quod
1004 4610 1138 4679 oportet
1160 4611 1193 4661 et
1215 4599 1310 4663 decet

35 4664 142 4755 sm,
170 4699 200 4749 et
220 4690 457 4754 machinentur
477 4703 512 4754 et
532 4702 672 4754 struant
699 4690 834 4775 quidvis
857 4691 893 4752 in
918 4712 987 4752 me:
1015 4691 1150 4755 iustitia
1174 4693 1266 4756 enim
1286 4716 1310 4758 ct

43 4780 78 4823 ’λθ
96 4784 158 4838 nce.
201 4785 238 4845 ad
265 4784 337 4847 An.
359 4782 462 4847 VIII.
486 4785 522 4861 8,
556 4785 588 4846 2.
644 4786 756 4847 Verba
779 4788 854 4846 seint
875 4784 1101 4865 Aristophanis
1123 4787 1309 4849 Acharnen-
1402 4860 1406 4867 ,

44 4853 103 4922 ttius
123 4888 149 4929 s.
171 4874 239 4940 659.
269 4878 325 4940 sed
353 4878 491 4960 pauttnn
516 4889 649 4955 mutata,
683 4880 771 4963 qnod
792 4888 894 4941 tamen
919 4889 1016 4962 negat
1040 4878 1224 4955 Victorius,
1254 4882 1308 4964 qui
