3338 5584
331 362 395 427 ldd
747 348 957 420 SENATUS
980 348 1251 417 CONSULTA.·

332 499 375 564 C.
397 499 598 561 tace'rente
621 503 673 568 et,
697 512 779 554 cum
803 494 846 554 do
868 512 908 552 ea
932 511 974 553 re
997 491 1042 552 ad
1061 486 1602 553 senatumreierreturalloss.

331 611 486 663 eoru-m,
521 587 588 669 qui
617 585 656 647 in
679 583 794 649 CCC.
817 582 1022 646 iudicibus
1045 593 1201 653 esseut,
1237 602 1306 643 sex
1335 582 1521 643 adducere
1545 582 1607 643 lire·

329 693 406 744 ret.
451 679 493 741 Si
514 677 610 760 quid
637 678 680 738 de
701 697 745 738 ee
766 696 807 737 re
830 677 876 736 ad
896 674 1105 755 populum,
1140 674 1185 734 ad
1206 673 1417 754 plebemve
1438 673 1514 736 lsto
1541 694 1607 754 opus

331 782 461 846 essct,
496 770 650 832 ut⁴8er.
683 766 911 847 Sulpicius,
944 767 998 827 M.
1029 765 1258 828 Mercellus
1285 784 1388 826 coss.
1415 775 1606 844 praetores,

328 863 567 945 tribunique
602 859 754 940 plebis,
789 858 937 940 quibus
967 878 1098 920 eorum
1134 855 1357 929 videretur,
1392 856 1608 937 ad'populuu

328 959 537 1040 plebemve
564 952 740 1015 ferrent:
785 952 891 1033 quod
912 949 937 1010 ii
960 970 1037 1011 non
1060 948 1267 1021 tulissent,
1302 947 1378 1021 uti,
1412 947 1609 1032 quicunque

329 1048 522 1126 deinceps
544 1055 695 1118 esseut,
713 1045 758 1105 ad
780 1042 967 1123 populum
990 1041 1199 1120 plebemve
1219 1040 1454 1102 lerrent.'1.
1477 1041 1518 1103 Ν.

413 1137 526 1201 Prid.
542 1135 628 1198 Kal.
646 1136 792 1199 Octob.
812 1132 849 1194 iu
868 1134 959 1194 aede
978 1129 1182 1211 Apollinis
1207 1129 1329 1193 scrib.
1348 1131 1608 1205 attenuent.

327 1230 527 1295 Domitius
545 1226 615 1291 Cu.
631 1228 672 1288 F.
695 1225 1008 1296 Ahenobarbus,
1028 1224 1072 1301 Q.
1095 1222 1295 1286 Caecilius
1320 1223 1365 1300 Q.
1386 1223 1428 1286 F.
1451 1225 1609 1287 Metellus

327 1321 423 1386 Pius
453 1319 613 1398 Scipio,
653 1320 695 1379 L.
726 1316 880 1378 Villius
912 1316 955 1376 L.
993 1314 1034 1377 F.
1069 1315 1179 1377 Pom.
1210 1314 1398 1388 Annalis,
1441 1314 1483 1379 C.
1511 1317 1609 1396 Septi·

328 1412 426 1474 mius
456 1411 499 1471 Τ.
524 1410 565 1471 F.
589 1408 776 1487 Quirina,
817 1406 859 1471 C.
897 1404 1135 1469 Scribonius
1172 1403 1213 1467 C.
1239 1406 1279 1468 F.
1304 1407 1402 1486 Pop.
1426 1406 1559 1481 Curio,
1582 1408 1609 1467 b.

330 1501 495 1566 Atteius
524 1502 569 1562 L.
600 1501 640 1562 F.
670 1501 742 1562 An.
773 1497 939 1578 Capito,
980 1498 1033 1558 M.
1064 1497 1221 1578 Oppius
1254 1494 1302 1559 Μ.
1340 1497 1381 1559 F.
1413 1499 1610 1561 Terentina.

330 1594 446 1672 Quod
469 1593 521 1654 M.
546 1591 770 1654 Mercellus
793 1590 885 1654 Cos.
909 1592 956 1651 V.
981 1590 1021 1651 F.
1045 1592 1090 1651 de
1112 1587 1356 1668 provinciis,
1382 1589 1429 1653 1).
1445 1591 1485 1655 Ε.
1499 1587 1611 1652 MC.

228 1750 230 1753 ,
328 1695 512 1746 senatum
546 1682 806 1756 existimare,
837 1679 1027 1743 neminem
1050 1700 1204 1755 eorum,
1238 1681 1303 1764 qui
1325 1681 1614 1762 potestatemlr·

327 1778 423 1839 bent
450 1773 752 1848 intercedendi,
786 1771 1051 1853 impediendi,
1088 1793 1231 1836 moram
1261 1774 1410 1836 allerre
1438 1784 1611 1854 oportere,

327 1889 406 1950 quo
428 1867 558 1929 miuus
582 1867 625 1927 de
647 1886 689 1927 re
715 1867 805 1945 pub.
829 1867 874 1925 ad
896 1876 1069 1925 senatum
1093 1864 1264 1940 referri,
1289 1876 1538 1948 senatusque
1555 1882 1615 1924 eor

327 1956 771 2037 sultumiieripossi13
806 1954 874 2035 qui
896 1954 1147 2035 impedierit,
1183 1956 1462 2035 prohibuerit,
1494 1972 1616 2018 eumer·

327 2061 458 2112 natum
492 2047 727 2110 existimare
763 2057 904 2109 contra
938 2066 1017 2108 rem
1049 2046 1255 2127 publicam
1288 2047 1451 2112 fecisse.
1495 2050 1532 2112 Si
1559 2042 1616 2129 quis

327 2138 1615 2220 buicsenatusconsultointercesserit‚senatuiplacere,aucte·

325 2232 491 2295 ritatem
514 2231 739 2310 perscribi,
769 2241 808 2292 et
830 2233 875 2292 de
898 2250 937 2291 ea
961 2250 1003 2292 re
1025 2232 1070 2291 ad
1093 2242 1272 2292 senatum
1294 2231 1557 2314 populumque
1578 2247 1616 2290 re·

326 2322 446 2388 ferri.
490 2323 577 2386 Huic
598 2322 892 2384 senatusconsulto
913 2320 1092 2383 intercessit
1112 2320 1155 2385 C.
1177 2321 1324 2395 Caclius,
1350 2324 1393 2385 L.
1416 2324 1571 2395 Vinicius,
1589 2322 1614 2382 P.

327 2415 518 2488 Cornelius,
553 2414 594 2478 C.
622 2413 739 2476 Vibius
764 2415 883 2476 Pansa.
929 2416 1026 2476 [tem
1049 2413 1205 2475 senatui
1227 2414 1408 2494 placere,
1442 2417 1488 2478 de
1516 2411 1616 2476 militi·

326 2509 419 2580 bus,
443 2509 510 2590 qui
531 2505 567 2568 in
591 2506 773 2568 exercitu
797 2504 838 2568 C.
856 2502 1046 2568 Caesaris
1068 2517 1177 2567 erint:
1201 2504 1268 2587 qui
1291 2526 1427 2568 eorum
1452 2502 1616 2588 stipendia

326 2599 493 2661 emerita
525 2609 782 2671 antonum,
818 2596 958 2678 quibus
982 2597 1181 2663 decausis
1205 2597 1431 2661 ruissilieri
1462 2601 1615 2665 debeant,

325 2692 520 2764 babeant,
553 2692 597 2751 ad
620 2691 723 2751 liniue
745 2687 926 2751 ordinem
950 2688 1119 2761 referri,
1152 2699 1352 2751 uteorum
1375 2689 1486 2754 ratio
1514 2692 1618 2752 babes·

325 2800 408 2858 tur,
434 2798 657 2864 causaeque
679 2791 996 2864 cognoscantur.
1042 2779 1084 2841 si
1107 2782 1195 2861 quis
1215 2781 1307 2843 huic
1329 2783 1365 2844 S.
1391 2782 1432 2846 C.
1458 2783 1618 2846 interces-

325 2873 447 2948 serit,
483 2874 641 2936 senatui
664 2870 824 2954 placere
846 2872 1132 2934 auctoritatem
1155 2872 1376 2951 perscribi,
1411 2887 1448 2937 et
1478 2880 1617 2936 decere

326 2969 373 3028 ad
411 2977 593 3027 senatum
625 2966 896 3045 populumque
927 2963 1097 3026 relerri.
1142 2963 1229 3027 Huic
1258 2967 1293 3026 S.
1327 2965 1369 3029 C.
1399 2965 1571 3029 intercessit
1592 2959 1617 3023 C.

327 3055 480 3130 Caelius,
505 3056 547 3120 C.
575 3057 700 3129 Pansa,
723 3057 842 3118 tribuni
866 3055 982 3137 plebis.
1027 3056 1207 3138 Itemque
1228 3057 1387 3119 senatui
1409 3058 1576 3138 placere,
1593 3055 1615 3113 it

327 3144 514 3208 Ciliciam
544 3148 818 3228 provinciam,
851 3150 887 3210 in
921 3158 1016 3211 octo
1046 3146 1230 3230 reliquas
1260 3149 1520 3229 prouincias,
1549 3163 1615 3231 quu

324 3238 531 3315 praetorii
563 3260 639 3316 pro
678 3249 874 3318 praetore
906 3239 1164 3313 obtinerent,
1208 3260 1293 3315 eos,
1328 3241 1395 3323 qui
1433 3257 1615 3324 praetores

324 3326 508 3403 fuerunt,
543 3349 670 3413 neque
699 3330 736 3392 in
768 3329 988 3410 provincia
1017 3352 1099 3393 cum
1130 3331 1301 3411 imperio
1328 3332 1515 3411 fuerunt,
1546 3350 1616 3418 quot

325 3438 460 3482 eorum
491 3442 539 3483 ex
568 3423 604 3483 S.
640 3423 681 3485 C.
712 3444 794 3484 cum
823 3422 994 3503 imperio
1024 3422 1061 3484 in
1090 3423 1331 3502 provincias
1359 3436 1617 3509 propraetore

324 3509 427 3572 mitti
456 3525 693 3593 oporteret,
727 3536 794 3578 eos
823 3515 978 3578 sortito
1007 3513 1044 3575 iu
1072 3514 1313 3595 provincias
1342 3519 1446 3580 mitti
1469 3521 1616 3601 placere,

324 3600 357 3663 si
379 3622 426 3664 ex
448 3624 493 3667 eo
516 3625 701 3682 numero,
726 3629 827 3689 quos
850 3628 897 3668 cx
913 3608 947 3669 S.
963 3603 1005 3668 C.
1021 3604 1058 3671 in
1080 3605 1320 3686 provincias
1340 3607 1400 3670 ire
1422 3615 1616 3693 oporteret,

189 3742 194 3747 .
323 3697 369 3756 ad
391 3716 589 3758 numerum
613 3718 688 3761 non
711 3711 862 3774 essent,
893 3697 963 3779 qui
984 3698 1111 3781 inens
1133 3698 1379 3778 provincias
1408 3701 1618 3782 proficisce

322 3797 482 3850 rentur:
528 3800 608 3851 tum
641 3790 698 3851 uti
731 3793 918 3873 quodque
950 3789 1172 3872 collegium
1212 3792 1375 3871 primurn
1413 3805 1617 3874 praetorne

321 3877 486 3952 luisset,
509 3890 651 3963 'neque
673 3882 710 3943 in
733 3881 970 3962 provincias
992 3881 1177 3962 profecti
1199 3896 1350 3959 essent,
1381 3884 1437 3948 ita
1467 3895 1574 3949 sorte
1592 3881 1617 3940 it

321 3969 557 4049 provincias
578 3973 969 4052 proficiscerentur3
993 3974 1025 4036 si
1046 3974 1074 4035 ii
1096 3975 1145 4035 ad
1167 3992 1370 4039 numerum
1394 3998 1471 4041 non
1502 3983 1615 4043 essert,

321 4070 417 4122 tuuc
449 4063 641 4145 deinceps
674 4066 851 4146 proximi
884 4066 1080 4149 cuiusque
1109 4065 1301 4150 collegii,
1338 4069 1404 4151 qui
1433 4081 1617 4151 praetores

320 4151 518 4231 fuissent,
554 4178 681 4237 neque
711 4157 749 4218 iu
778 4157 1018 4237 prouincias
1048 4156 1228 4237 profecti
1248 4171 1400 4236 essent,
1435 4162 1473 4224 in
1495 4171 1616 4224 sorteu

321 4247 644 4327 conficerentur,
677 4252 806 4332 quoad
827 4250 860 4310 is
883 4268 1070 4311 ursuscrus
1093 4248 1273 4312 effectus
1300 4264 1422 4329 esset,
1459 4275 1564 4335 quem
1587 4246 1616 4306 al

320 4338 519 4399 numerum
542 4340 580 4400 in
603 4340 836 4421 provincias
860 4339 963 4401 mitti
987 4350 1209 4420 oporteret.
1256 4343 1297 4404 Si
1320 4344 1408 4426 quis
1433 4337 1615 4407 nutesc-

319 4425 647 4505 intercessisset,
674 4432 902 4495 auctoritas
924 4432 1281 4512 perscriberetur..
1311 4436 1399 4499 Huic
1416 4450 1541 4499 senatus
1560 4452 1616 4496 cou-

320 4518 403 4579 sulto
426 4521 604 4585 intercessit
628 4522 670 4586 C.
694 4523 841 4599 Caelius,
867 4524 907 4588 C.
932 4526 1056 4599 Pansa,
1078 4525 1196 4586 tribuni
1219 4526 1332 4607 plebis.
1371 4533 1409 4591 sd
1432 4531 1523 4592 Fam.
1544 4528 1575 4597 8,
1593 4524 1614 4583 ⁸·

408 4612 578 4676 Senatus
604 4615 811 4697 frequens,
841 4610 977 4678 loimula
1004 4614 1098 4675 etiam
1123 4617 1311 4681 edictorum.
1357 4620 1440 4683 Cum
1462 4634 1511 4684 tot
1538 4618 1614 4681 elien

320 4704 562 4784 proposuisset,
581 4707 696 4783 edixit,
722 4709 773 4770 Ut
795 4709 954 4770 adesset
968 4707 1139 4785 Senatus
1161 4709 1354 4794 irequens
1374 4716 1418 4776 ad
1435 4713 1534 4777 v111.
1549 4705 1612 4773 lisl-
