3214 5586
204 342 269 407 ιιι
693 341 1050 431 ιιιιιιιιιιιιοιιιιι.

401 538 544 604 Savum
567 551 598 604 et
621 538 800 607 Canronrs.
843 540 923 605 Vid.
946 541 1103 607 Ριιιιιιι
1124 549 1156 602 et
1177 537 1334 603 Ριιιιιιιι.

773 722 966 785 Sunetcrnn.

153 926 156 929 ,
289 860 398 945 „Cum
427 865 467 928 P.
498 863 674 947 Sulpicius
701 862 848 927 tribunus
879 860 983 945 plebis
1012 862 1055 939 (a.
1086 882 1119 927 ιι.
1150 879 1181 922 c.
1211 858 1300 938 665.)
1330 868 1462 922 auctore
1488 856 1529 923 C.

203 955 313 1022 Mario
337 956 534 1039 perniciosas
556 959 644 1040 leges
671 958 925 1042 promulgasset,
950 966 986 1018 ut
1007 956 1133 1019 excides
1153 958 1386 1018 revocarentur
1403 963 1438 1016 et
1461 951 1533 1016 noti

159 1073 172 1104 ι
204 1051 292 1115 cives
319 1051 522 1136 libertinique
549 1053 817 1116 distribuerentur
839 1051 870 1115 in
895 1050 1015 1130 tribus,
1048 1062 1080 1113 et
1103 1059 1136 1111 ut
1161 1046 1203 1113 C.
1227 1047 1356 1111 Marius
1386 1048 1532 1113 adversus

206 1145 430 1229 Mithridatem
461 1146 562 1212 Ponti
589 1168 699 1230 regem
728 1149 792 1210 dux
816 1154 997 1221 crearetur,
1031 1154 1064 1208 et
1089 1143 1332 1207 adversantibus
1356 1140 1533 1209 consulibua

206 1238 248 1320 0.
272 1240 432 1323 Pompeio
455 1252 486 1305 et
508 1241 552 1305 L.
576 1241 684 1306 Sullae
707 1239 770 1302 vim
795 1239 971 1316 intulisset,
1007 1237 1117 1311 occiso
1145 1237 1189 1318 Q.
1214 1236 1376 1318 Pompeio
1400 1236 1532 1300 consulis

201 1332 290 1411 lilio,
314 1355 435 1419 genero
460 1334 584 1412 Sullae,
609 1336 651 1400 L.
674 1334 761 1399 Sulla
785 1333 895 1397 consul
919 1354 989 1399 cum
1012 1331 1157 1396 exercitu
1181 1332 1213 1395 in
1237 1332 1348 1394 urbem
1373 1331 1475 1407 venit,
1503 1341 1532 1394 et

204 1429 357 1490 adversus
386 1427 557 1493 factionem
582 1428 714 1509 Sulpicii
744 1440 775 1491 et
806 1424 908 1491 Marii
936 1426 969 1489 in
997 1427 1066 1509 ipsa
1089 1428 1169 1489 urbe
1192 1424 1370 1509 pugnavit,
1407 1445 1530 1510 eamque

204 1520 361 1605 expulit.”
406 1521 804 1604 Liv.Epit.LXXVl1.
842 1519 931 1584 conf.
957 1518 1100 1603 Appiae.
1124 1521 1210 1584 Bell.
1235 1517 1312 1584 civ.
1336 1518 1368 1584 Ι.
1397 1519 1437 1582 55
1465 1540 1528 1601 seq.

287 1618 350 1690 ..Ρ
373 1615 561 1699 Sulpicius,
590 1615 871 1697 tribunusplebis,
894 1613 999 1695 legem
1016 1612 1330 1698 adpopolumtulit,
1356 1613 1530 1711 quaSullae

202 1706 372 1797 imperium
404 1713 638 1796 abrogaretur,
674 1707 716 1774 C.
741 1709 853 1773 Mario
876 1709 994 1771 bellum
1016 1712 1243 1773 decerneretur
1265 1692 1527 1783 Mithridaticum,

204 1802 334 1884 (Aurel.
358 1803 533 1869 Victor.
515 1827 546 1869 c.
572 1808 655 1884 76),
685 1805 826 1887 aliasque
848 1803 937 1889 leges
958 1803 1154 1885 perniciosas
1177 1814 1208 1866 et
1230 1801 1411 1867 exitiabiles
1436 1820 1529 1887 neque

203 1898 386 1964 tolerandas
408 1898 530 1962 liberae
552 1897 674 1961 civitati
696 1897 803 1961 tulit.’'
848 1897 967 1961 Vellei.
992 1897 1040 1965 ll.
1064 1897 1121 1973 18,
1147 1899 1178 1961 6.

288 1993 399 2067 ,Sulla
422 2015 494 2056 cum
517 1991 670 2076 Sulpicio
692 1994 822 2070 (bellum
847 1990 958 2076 gessit)
982 1992 1019 2053 de
1044 1991 1113 2055 iure
1136 1994 1260 2076 legum,
1292 2012 1374 2078 quas
1396 1988 1529 2074 pervim

129 2110 133 2113 ·
204 2086 285 2151 latas
316 2086 404 2150 Sulla
432 2087 590 2151 dicebat.''
634 2087 777 2169 Philipp.
807 2085 910 2149 VllI.
940 2085 978 2163 2,
1009 2088 1041 2150 7.
1078 2078 1166 2152 Ὅσοι
1192 2080 1258 2152 ὑπὸ
1280 2086 1530 2153 Σουλπικίου

203 2175 367 2267 κεκύρωτο
401 2177 486 2267 μετὰ
520 2178 579 2263 τὴν
611 2183 849 2268 κεκηρυγμένην
887 2176 951 2247 ὑπὸ
979 2180 1044 2246 τῶν
1071 2174 1205 2247 ὑπάτων
1233 2175 1375 2266 ἀργίαν,
1412 2173 1532 2251 ἅπαντα

204 2271 350 2342 διελύετο
365 2277 398 2357 (a
415 2275 503 2340 Sulln
519 2288 550 2339 et
565 2276 738 2359 Pompeio)
754 2270 798 2354 ὡς
812 2271 872 2341 οὐκ
886 2273 1018 2361 ἔννομα.
1040 2272 1183 2358 Appian.
1198 2277 1237 2338 de
1253 2275 1339 2342 Bell.
1356 2273 1432 2340 cis.
1445 2274 1473 2338 1.
1486 2272 1541 2337 69.

349 2435 536 2535 ,διιιιοιι
557 2435 599 2499 ds
621 2435 783 2499 exulibus
795 2400 1020 2499 reducendis.

289 2556 503 2641 ,Sulpicium
527 2555 583 2640 quii
599 2556 842 2633 intercesserat,
866 2576 906 2620 ne
921 2556 1050 2632 exules,
1075 2556 1191 2643 quibus
1211 2577 1339 2621 causam
1355 2556 1460 2621 dicere
1474 2575 1529 2620 non

203 2648 364 2727 licuisset,
388 2653 634 2729 reducerentur,
658 2652 740 2715 idem
768 2652 947 2736 posterius,
970 2652 1131 2715 immutata
1157 2653 1342 2729 voluntate',
1371 2673 1441 2717 cum
1463 2669 1528 2713 ean·

204 2746 275 2809 dem
298 2750 402 2831 legem
424 2746 543 2824 ferret,
568 2744 661 2810 aliam
685 2768 756 2811 sese
778 2747 865 2812 serre
887 2747 1027 2823 dicebat,
1051 2758 1188 2830 propter
1210 2747 1374 2812 nominum
1400 2764 1529 2810 eommu-

204 2838 379 2904 tationemt
402 2861 472 2903 nam
496 2861 561 2904 non
582 2841 694 2906 exules
715 2844 773 2905 sed
795 2842 829 2905 vi
849 2841 971 2908 eiectos
992 2862 1028 2905 se
1049 2842 1205 2906 reducere
1228 2840 1372 2906 aiebat.”
1409 2841 1448 2903 ad
1467 2838 1528 2903 Hs·

199 2954 300 3017 peon.
323 2935 373 3002 11.
394 2935 454 3012 28,
478 2935 533 3000 ld.

375 3096 534 3161 sennen
557 3097 599 3161 de
620 3117 788 3162 nouorum
809 3096 934 3163 civium
955 3096 1262 3185 libertinorumque
1283 3093 1482 3188 suffragiis.

203 3274 208 3285 .
291 3221 350 3292 ,R
368 3217 560 3304 Sulpicium
577 3218 611 3283 in
629 3218 792 3287 tribunatu
814 3220 895 3283 banc
912 3221 1042 3284 eandem
1065 3222 1171 3303 (quiam
1189 3219 1229 3286 C.
1245 3218 1415 3301 Manilius)
1438 3219 1530 3302 legen

206 3310 457 3398 significavimus
482 3313 602 3379 tulisse.
647 3313 738 3378 Tulit
767 3325 871 3379 autem
898 3316 943 3381 L.
970 3315 1060 3380 Sulla
1087 3314 1131 3395 Q.
1160 3315 1324 3399 Pompeio
1346 3315 1528 3384 consnlibos,

206 3427 278 3470 cusu
301 3429 361 3491 per
384 3407 447 3471 rim
469 3429 538 3473 rem
560 3407 719 3491 publicam
743 3409 939 3492 possedisset
968 3421 999 3473 et
1021 3410 1061 3471 ab
1082 3407 1179 3475 initiis
1201 3411 1361 3474 bonarum
1386 3407 1529 3473 actionum

95 3524 97 3527 ·
208 3502 250 3564 ad
270 3501 411 3585 perditas
433 3523 630 3586 progressus
652 3513 754 3567 esset:
779 3506 868 3587 qtrod
890 3516 922 3566 et
943 3501 1064 3566 initium
1087 3503 1243 3567 bellormn
1267 3502 1410 3568 civilium
1432 3499 1487 3564 luit
1504 3506 1530 3560 et

205 3607 342 3680 propter
372 3598 462 3681 quod
489 3597 557 3681 ipse
587 3595 748 3680 Sulpicius
777 3597 918 3662 consulis
947 3597 1042 3661 armis
1070 3595 1139 3660 iure
1162 3618 1339 3680 oppressus
1362 3617 1432 3661 esse
1454 3592 1529 3657 visus

162 3704 168 3711 ·
207 3689 292 3757 est.''
337 3691 461 3757 Ascon.
483 3690 515 3755 in
537 3689 673 3757 Cornel.
696 3713 732 3775 p.
756 3690 809 3757 bl.
847 3690 905 3757 Cf.
929 3712 1027 3774 supra
1047 3690 1126 3756 Liv.
1150 3691 1241 3775 Epit.
1264 3690 1452 3757 LXXVII.

746 3852 999 3916 senercunis.

293 4025 310 4059 ,‚
320 3967 521 4040 Parsimonia
536 3976 621 4058 apud
634 3983 759 4039 veteres
772 3974 985 4057 Romanoset
998 3972 1098 4037 victos
1113 3985 1208 4059 atque
1220 3995 1393 4040 coenarum
1405 3968 1525 4038 tenuitas

206 4090 273 4133 ιιοιι
301 4068 476 4135 domestica
504 4072 608 4135 solum
635 4068 864 4136 observatione
893 4088 930 4131 ac
951 4066 1135 4150 disciplina,
1167 4071 1224 4133 sed
1253 4070 1383 4152 publiea
1409 4081 1526 4154 qnoque

207 4164 484 4274 animadversione
507 4164 681 4251 legumque
708 4163 921 4248 complurium
943 4163 1161 4229 sanctionibus
1184 4165 1343 4231 custodita
1371 4160 1451 4227 est.”
1489 4156 1527 4222 A.

208 4258 487 4439 Gelllubtirltguiri
491 4262 623 4430 dits
596 4352 623 4418 si
653 4373 839 4418 enumerare
869 4349 964 4416 velim
995 4361 1075 4437 quot
1103 4348 1310 4416 instromenta
1338 4351 1428 4436 gulae
1453 4344 1527 4410 inter

100 4518 105 4523 ,
207 4442 282 4509 illos
311 4447 401 4510 vel
393 4445 523 4532 ingenio
546 4446 688 4534 cogitata
714 4446 793 4524 sint,
830 4446 880 4511 vel
909 4446 1015 4511 studio
1038 4445 1198 4513 conlecta.
1243 4447 1288 4510 Et
1313 4447 1373 4509 hae
1393 4440 1525 4507 nimimm

208 4559 322 4604 causae
342 4540 492 4617 leserunt,
515 4554 654 4624 propter
673 4563 753 4627 quas
776 4551 826 4605 tot
848 4561 982 4606 numero
996 4541 1092 4648 ‘leges
1119 4541 1158 4604 de
1179 4539 1289 4606 coenis
1310 4550 1341 4603 et
1362 4528 1524 4619 sumptibus

209 4635 248 4698 ad
271 4635 427 4731 populum
449 4635 652 4700 ferebantur:
686 4646 718 4699 et
738 4634 889 4717 imperari
911 4634 1036 4718 coepit,
1060 4645 1096 4698 ut
1117 4632 1331 4719 patentibus
1321 4629 1418 4694 renuis
1439 4643 1524 4711 prac-

154 4798 159 4806 ,
208 4707 362 4792 sitaretur
385 4739 417 4791 et
446 4729 684 4848 coenitaretur,
714 4728 824 4814 sicque
847 4728 951 4794 oculis
979 4727 1095 4794 cisium
1119 4730 1252 4796 testibus
1274 4726 1365 4795 lactis
1392 4716 1521 4788 luxuriae

208 4821 323 4885 modus
344 4820 472 4888 lieret.'’
515 4820 670 4891 Macrob.
691 4823 826 4889 Saturn.
849 4823 897 4888 ll.
922 4824 975 4890 13.
997 4844 1033 4907 p.
1054 4823 1131 4889 367.
