3214 5586
297 414 360 481 su
464 478 474 507 ,
623 490 627 496 ,
716 458 721 471 f
779 412 931 483 tunna
952 412 1137 487 neuun:

227 592 233 611 =
292 556 468 624 contractis
498 560 722 637 adhibebatur,
757 558 896 643 proprio
928 559 1056 624 nomine
1085 560 1333 626 sodaliciorum
1363 572 1409 626 est
1441 562 1578 646 appellata.

292 654 425 717 sodales
444 666 547 718 sutem
572 658 635 719 hoc
652 655 684 719 in
704 655 778 718 locu
801 667 891 717 erant
913 655 1003 738 quasi
1025 655 1163 719 ciusdem
1185 652 1335 719 lanionis
1355 668 1386 719 et
1407 655 1578 720 condicionis.

292 748 326 811 Si
357 748 429 833 qtsis
459 758 564 812 autem
593 748 718 814 tribulis
747 747 941 812 decuriasset
974 760 1006 812 et
1035 749 1296 832 conscripsisset,
1332 762 1365 813 ut
1396 766 1580 832 corrumperet

290 843 464 925 pupulum,
496 842 644 927 quioniam
672 842 869 906 multitudiue
893 863 1014 926 cogere
1040 842 1225 920 ridebatur,
1251 844 1298 908 vis
1320 845 1494 926 ridebatur3
1520 866 1579 928 quo·

288 936 372 1000 niam
399 936 532 1018 pecunia
557 937 786 1014 contendebat,
811 940 850 1001 ad
872 936 1022 1001 ambitum
1040 937 1235 1019 pertinebat.
1280 939 1382 1002 Erant
1402 951 1496 1001 tamen
1513 940 1579 1001 sada

288 1030 357 1095 licia
387 1034 427 1095 ab
458 1032 580 1095 ambitu
604 1033 743 1096 diversa.
790 1034 872 1096 llam
902 1033 933 1095 iu
959 1031 1118 1095 sodaliciis
1146 1050 1206 1115 per
1234 1034 1351 1098 sodalis
1381 1033 1579 1098 decuriatuset

167 1199 180 1221 Ι
288 1126 493 1209 conscriptas
515 1146 567 1189 res
591 1129 761 1210 agebatur,
783 1126 818 1191 in
840 1127 959 1191 ambitu
980 1147 1038 1210 per
1053 1125 1226 1212 sequestris
1243 1138 1274 1191 et
1288 1127 1457 1192 divisores.
1495 1127 1575 1211 Itaque

290 1220 444 1303 scriptum
468 1231 516 1284 est
538 1233 614 1304 aput
636 1220 831 1297 Ascanium,
855 1222 1014 1286 Milonem
1041 1204 1151 1285 eodem
1170 1232 1318 1304 tempore
1337 1225 1375 1285 de
1394 1221 1503 1285 ambitu
1518 1222 1575 1284 elle

287 1314 448 1379 sodaliciis
479 1325 555 1397 aput
585 1313 733 1379 diversos
763 1316 963 1399 quaesitores
991 1327 1023 1378 et
1055 1336 1072 1379 a
1099 1313 1234 1379 dirersis
1265 1315 1511 1380 aeruscatoribus
1532 1334 1577 1377 esu

191 1412 197 1419 “
286 1409 495 1493 postulatura.
540 1409 584 1472 Et
602 1407 816 1473 Mamertinus
841 1409 920 1473 dixit
943 1411 982 1473 ad
1004 1410 1160 1474 Iulianum
1185 1408 1423 1492 inperatorem:
1445 1414 1497 1476 An
1514 1431 1575 1481 uero,

287 1503 320 1568 ei
345 1502 549 1567 centuriatis
574 1503 724 1568 comitiis
752 1507 874 1569 constal
900 1514 1038 1567 creatus
1066 1524 1195 1579 essem,
1224 1505 1416 1589 gloriosius
1436 1503 1511 1569 mibi
1527 1502 1576 1564 uni·

287 1597 378 1662 uersi
396 1598 518 1682 populi
538 1596 724 1687 suffragiis
738 1599 935 1662 declaratus
949 1597 1109 1662 uiderer?
1129 1599 1307 1671 Miaumes
1329 1596 1493 1686 siquidem
1506 1596 1577 1660 etiarn

285 1692 357 1756 illis
385 1692 512 1776 priscis
546 1693 758 1777 temporibus
789 1695 979 1757 multorum
1014 1694 1146 1757 ambitu
1162 1692 1250 1785 fuit
1280 1714 1424 1779 campus
1454 1689 1575 1785 infamis.

288 1788 387 1852 Nota
413 1786 604 1852 diuisurum
612 1787 786 1882 flagitia,
816 1799 919 1852 notae
946 1787 1140 1852 libellorum
1167 1790 1402 1874 praestigiae,
1432 1800 1500 1850 tum
1525 1805 1577 1866 ope·

285 1900 410 1944 rarum
436 1882 483 1944 ad
510 1882 579 1945 uim
606 1893 640 1945 et
670 1881 872 1946 seditionem
903 1902 1027 1945 manus
1053 1895 1198 1965 emptae.
1244 1882 1436 1947 Sodalitates
1461 1880 1538 1942 eben
1554 1878 1594 1961 sl!

288 1973 440 2038 ambitum
462 1976 645 2058 pertinere,
670 1976 808 2040 ostendit
823 1976 943 2042 Cicero
960 1995 1022 2059 pro
1037 1976 1171 2041 Plancio
1194 1977 1251 2057 (C.
1275 1974 1358 2041 XV.
1382 1978 1415 2051 §.
1438 1975 1513 2052 bl),
1531 1990 1577 2032 cm

289 2069 383 2134 dicit:
423 2073 498 2135 Hoc
520 2070 636 2153 igitur·
652 2070 840 2134 sensimus:
876 2070 1119 2154 cuiuscumque
1140 2071 1253 2135 tribus
1274 2070 1429 2156 largitor
1456 2070 1578 2137 essene

285 2165 458 2248 perhanc
480 2165 755 2238 consensionem,
790 2185 878 2249 quae
907 2164 1021 2249 magis
1041 2166 1179 2227 honeste
1208 2184 1312 2249 quam
1341 2186 1420 2227 uere
1448 2158 1575 2225 sodalitas

243 2278 249 2291 ·
285 2257 541 2334 nominaretur,
574 2280 680 2343 quam
707 2259 850 2343 quisque
875 2257 1003 2321 tribum
1031 2258 1127 2340 turpi
1154 2257 1341 2342 largitione
1368 2262 1573 2339 corrumperet,

288 2374 367 2416 eum
396 2374 562 2417 maxume
590 2353 636 2416 iis
662 2353 876 2428 hominibus,
906 2350 966 2437 qui
986 2349 1062 2414 eius
1083 2350 1196 2414 tribus
1217 2362 1348 2431 essent,
1387 2374 1460 2417 esse
1478 2359 1573 2411 notan

286 2448 341 2512 Aa
371 2446 433 2510 rim
464 2458 569 2511 sutem
596 2459 758 2530 spectasse
786 2469 857 2510 cum
880 2446 964 2508 addit
986 2442 1042 2523 (C.
1066 2444 1374 2523 atullisset:
1413 2439 1574 2511 Decuriatiu

284 2540 480 2616 tribulium,
504 2542 691 2626 descriptio
708 2543 848 2627 populi,
871 2538 1050 2630 suffragia
1070 2540 1256 2625 largitione
1277 2540 1435 2604 devincta
1453 2534 1594 2609 reuerita,

283 2647 354 2698 tem
375 2648 534 2712 seramus,
558 2648 593 2700 et
612 2637 780 2701 bonerum
795 2637 951 2699 omnium
965 2637 1033 2699 uim
1048 2656 1088 2697 ac
1103 2635 1260 2700 dolorem
1273 2634 1482 2698 excitarunt.
1510 2632 1572 2695 Haec

284 2728 368 2793 doce
384 2761 441 2807 —,
458 2730 656 2794 decuriasse
671 2727 865 2806 Plancium,
883 2729 1141 2814 conscripsisse,
1157 2742 1366 2815 sequestrent
1370 2727 1507 2820 fuisse,
1519 2740 1572 2805 prr

283 2824 480 2900 nuntiasse,
515 2824 686 2889 divisisse.
731 2815 918 2889 Decutiatio
946 2824 1044 2898 enim,
1083 2836 1114 2887 et
1146 2821 1319 2904 descriptio
1347 2820 1461 2904 populi
1487 2819 1518 2881 ad
1534 2813 1572 2875 rit

285 2918 427 2981 adbiberi
448 2919 591 2995 solebam
614 2929 648 2981 nt
669 2937 731 3001 pra
750 2917 856 2982 Sestio
879 2915 936 2997 (C.
953 2918 1035 2982 XV.
1059 2923 1091 2994 §.
1115 2917 1180 2999 tt.)
1202 2937 1280 2980 eum
1300 2916 1440 2980 uicatim
1459 2909 1593 2983 tonna.

285 3011 602 3089 conscriberentur,
638 3012 919 3087 decuriarentur,
952 3011 1000 3075 ad
1026 3010 1112 3085 uim,
1142 3010 1190 3073 ad
1211 3031 1351 3084 manus,
1385 3010 1433 3072 ad
1457 3004 1593 3075 caedens}

284 3105 332 3168 ad
351 3106 580 3190 direptionem
601 3107 849 3171 incitarentur.
872 3126 935 3189 pro
958 3108 1055 3169 domu
1076 3108 1122 3184 (c.
1146 3107 1193 3167 V.
1216 3111 1246 3182 d.
1265 3104 1351 3182 tut:
1375 3126 1470 3179 mm,
1492 3101 1593 3183 destrp

284 3199 373 3264 ratis
395 3199 557 3277 ducibus,
590 3202 787 3266 decuriatos
808 3222 849 3264 aa
877 3199 1069 3283 descriptos
1095 3199 1237 3264 haberes
1259 3198 1437 3262 exercitus
1457 3190 1593 3293 perdittp

285 3314 383 3358 rum.
407 3304 439 3357 et
460 3295 492 3358 in
516 3295 563 3360 II.
585 3294 692 3360 Phil:
715 3294 815 3358 cuius
834 3294 938 3358 etiam
942 3292 1154 3385 familiares
1171 3293 1212 3355 de
1232 3292 1265 3356 vi
1284 3282 1561 3357 condemnarint
1590 3298 1593 3363 t

284 3389 377 3474 quad
397 3388 450 3452 tui
472 3389 575 3452 nimis
595 3387 744 3454 studiosi
752 3387 934 3481 fuissent.
967 3400 997 3452 et
1019 3408 1081 3470 pro
1110 3387 1242 3452 Plancio
1265 3385 1321 3467 (C.
1345 3387 1446 3452 xlx.
1469 3391 1495 3464 ς.
1514 3372 1563 3455 ill
1590 3370 1592 3449 i

283 3486 364 3566 ugo
385 3484 562 3549 Plancium
582 3495 616 3547 et
636 3483 750 3566 ipsum
773 3482 968 3564 gratiosum
982 3502 1056 3545 esse
1074 3481 1152 3545 dieo
1168 3493 1202 3545 et
1219 3482 1380 3545 habuisse
1395 3481 1430 3544 in
1446 3474 1567 3565 pettam
1590 3518 1592 3545 ;

284 3579 410 3641 multos
434 3576 578 3661 cupidos
601 3577 659 3640 sui
676 3570 872 3660 gratiososs
893 3596 980 3661 quos
1004 3586 1044 3640 tu
1065 3576 1097 3639 si
1118 3575 1249 3640 sodalis
1270 3596 1394 3649 uocas,
1417 3571 1568 3663 offlam
1591 3614 1592 3637 t

282 3672 472 3747 amicitiam
492 3672 628 3734 nomine
649 3670 811 3755 inquinas
827 3669 1031 3733 criminoso.
1057 3680 1089 3732 et
1110 3674 1141 3746 §.
1165 3669 1238 3731 blm
1261 3670 1338 3734 Iam
1353 3680 1393 3731 ut
1411 3690 1474 3752 ego
1486 3664 1564 3733 drab
1591 3708 1592 3731 t

197 3826 202 3831 .
282 3766 478 3851 gratiosum
495 3765 532 3828 in
549 3787 615 3828 sua
633 3765 727 3828 tribu
741 3763 918 3830 Plancium
933 3783 990 3824 -.·
1011 3762 1060 3825 sic
1078 3775 1118 3826 tu
1132 3762 1233 3838 doce,
1257 3773 1463 3846 sequestrem
1469 3756 1566 3854 suisti
1591 3806 1592 3833 1

282 3861 450 3945 largitum
471 3881 563 3937 esse,
587 3858 851 3941 conscripsisse,
875 3856 1013 3920 tribulis
1034 3857 1266 3920 decuriasse.”

244 3952 256 4027 J
368 3955 463 4033 Haec,
482 3953 651 4038 Sigonius,
680 3951 815 4036 qttibus,
840 3972 906 4035 quo
927 3951 1054 4033 planior
1075 3972 1129 4014 res
1152 3950 1223 4027 liat,
1255 3952 1333 4014 baec
1355 3948 1488 4013 addenda
1506 3948 1566 4043 pult·

283 4048 450 4124 Ambitus,
487 4060 635 4113 monente
664 4047 783 4122 Festo,
818 4046 937 4108 crimen
968 4046 1117 4109 adfectati
1148 4044 1283 4110 honoris
1315 4042 1388 4109 luit.
1430 4043 1525 4125 Itaque
1545 4046 1565 4092 ΙΙ

284 4141 420 4205 ambitus
449 4140 569 4206 crimen
596 4141 790 4216 vacabatur,
826 4141 1015 4224 quietumque
1042 4139 1163 4205 inlicito
1193 4141 1289 4204 modu
1316 4139 1519 4206 laboraverat,
1543 4130 1591 4211 tl¹

282 4237 403 4312 bunos,
428 4257 521 4321 quaem
544 4235 690 4318 petebat,
714 4234 774 4298 sibi
797 4235 1011 4299 mandaretur.
1290 4270 1295 4277 ·
1590 4284 1591 4295 ,

367 4331 402 4395 Is
426 4333 537 4394 modus
557 4330 676 4413 duplex
694 4327 904 4411 potissumum
923 4328 1005 4393 luit:
1042 4340 1095 4394 aut
1110 4329 1191 4392 enim
1206 4329 1274 4392 suls
1295 4327 1476 4414 largitione,
1496 4320 1521 4385 id
1534 4320 1565 4377 αἱ

283 4427 415 4490 nummis
441 4424 551 4489 aliisve
575 4424 774 4496 uulneribus,
810 4442 890 4506 quae
916 4424 1042 4506 pupulo
1069 4423 1251 4487 dividebant
1277 4423 1475 4489 dividendam
1499 4426 1564 4476 ecurt·

283 4524 375 4595 bant,
399 4520 552 4604 suffragia
574 4518 640 4583 eius
662 4514 902 4597 devinciebant,
926 4530 981 4580 unt
1003 4516 1085 4593 utu,
1109 4539 1202 4603 quiam
1226 4517 1325 4600 ipsam
1350 4512 1409 4581 sibi
1433 4506 1564 4595 terpiton

283 4609 454 4700 parabant,
476 4616 516 4677 ad
537 4613 812 4698 consequendum,
836 4632 930 4696 quem
958 4613 1128 4688 volebant,
1150 4611 1515 4682 bonoremalhibebast.
1589 4686 1590 4695 ἵ

368 4707 430 4772 Vis
453 4718 554 4771 antem
576 4707 766 4769 cernebatur
786 4704 818 4768 iu
840 4725 898 4781 eo,
927 4707 1015 4789 quud
1036 4705 1115 4769 certi
1138 4705 1264 4789 quidam
1290 4704 1445 4778 homines,
1470 4688 1562 4763 ,oblat
1589 4714 1590 4755 t

282 4802 377 4880 dieti,
411 4821 495 4888 quos
519 4799 674 4863 candidati
702 4798 874 4885 largitione
899 4811 1130 4882 conceperant,
1166 4800 1389 4864 multitudinem
1420 4791 1558 4880 eogebttlg
1589 4860 1590 4871 ¹

283 4909 319 4963 nt
339 4896 392 4977 ei,
417 4919 436 4963 a
457 4914 524 4981 qtta
545 4903 637 4960 eraut
656 4892 820 4978 comapti,
853 4896 1009 4960 bonorem
1031 4893 1184 4960 deterret.
1228 4896 1267 4961 Id
1294 4912 1360 4980 qua
1379 4888 1491 4958 basilien
1510 4876 1558 4942 ΕΦ
1589 4886 1590 4941 l
