3338 5584
439 366 652 430 SENATUS
675 366 940 436 coustJLTA.
1045 420 1051 433 .
1295 376 1357 440 499

41 501 171 576 animi,
202 498 413 563 felicitate
439 503 631 583 populum
654 505 875 569 Romanum
902 506 1140 571 foedissima
1161 511 1359 573 crudelis·

41 596 213 677 simaque
255 593 462 656 servitute
503 595 738 659 liberatum:
798 616 965 681 carusque
1004 620 1087 662 rem
1130 602 1357 681 publicam,

40 689 190 761 urbem,
223 685 369 764 templa
400 687 566 748 deorum
600 687 906 764 immortalium,
947 692 1053 754 bona
1086 692 1359 776 fortunasque

40 778 203 841 omnium
226 777 465 858 liberosque
495 781 788 841 conservarint
820 781 1076 844 dimicatione
1104 794 1141 844 et
1169 785 1359 864 periculo

38 870 140 931 vitae
161 888 273 940 suae,
298 869 354 928 uti
376 869 425 930 ob
449 871 734 946 easresbene,
751 871 1359 959 fortiterfclieiterquegestas
1446 934 1449 937 .

38 958 1357 1043 C.Pansa,.A.Hirtius,eonsulesimperatores,alter,ambove,

37 1064 118 1126 aut,
142 1052 174 1112 si
196 1052 387 1124 aberunt,
410 1052 463 1113 M.
488 1050 720 1126 Cornutus,
745 1067 912 1134 praetor
934 1058 1128 1131 urbanus,
1153 1058 1360 1138 supplica·

36 1144 168 1206 tiones
191 1163 261 1223 per
293 1141 378 1203 dies
402 1142 700 1226 quinquaginta
723 1148 767 1206 ad
797 1148 925 1208 omnia
952 1148 1183 1229 pulvinaria
1210 1149 1360 1212 consti·

36 1246 140 1296 tuat:
164 1255 324 1317 cumque
348 1233 479 1295 virtus
502 1235 708 1317 legionum
731 1238 851 1318 digna
875 1239 1116 1302 clarissimis
1138 1241 1359 1321 imperato·

37 1328 145 1389 ribus
167 1323 397 1399 exstiterit,
421 1336 626 1401 senatum,
656 1348 757 1409 quae
780 1328 836 1389 sit
857 1342 973 1392 antea
996 1332 1211 1410 pollicitus
1235 1333 1361 1415 legio·

37 1416 699 1497 nibusexercitibusquenostris,
718 1440 761 1480 ea
781 1441 934 1483 stimmo
955 1424 1113 1496 studio,
1138 1425 1360 1504 republica

37 1521 294 1590 recuperata,
317 1509 626 1591 resoluturum:
664 1529 832 1592 cumque
856 1512 965 1594 legio
990 1514 1145 1576 Martia
1168 1516 1360 1597 princeps

39 1624 116 1665 cum
149 1602 338 1663 hostibus
371 1601 636 1674 conflixerit,
672 1604 881 1682 atqueita
911 1625 997 1666 cum
1025 1607 1175 1670 maiore
1198 1628 1360 1671 numero

37 1694 212 1758 bostium
235 1692 513 1766 contenderit,
531 1703 571 1753 ut
592 1692 785 1772 plurimos
805 1698 1035 1771 caederent,
1058 1711 1362 1778 caperentnon·

37 1786 192 1857 nullos;
226 1805 393 1866 cumque
421 1783 509 1845 sine
538 1784 619 1845 ulla
649 1785 944 1848 retractatione
976 1808 1047 1867 pro
1076 1789 1210 1868 patria
1239 1790 1361 1853 vitam

36 1876 314 1957 profuderint3
349 1895 513 1957 cumque
544 1872 668 1936 simili
698 1876 851 1939 virtute
881 1878 1134 1961 reliquarum
1156 1881 1361 1963 legionum

37 1967 188 2029 milites
210 1988 286 2047 pro
309 1967 437 2029 salute
461 1979 496 2027 et
518 1966 718 2029 libertate
740 1967 884 2048 populi
906 1970 1072 2032 Romani
1100 1984 1266 2034 mortem
1295 1994 1362 2054 op·
1448 1972 1451 1977 ’

35 2059 283 2139 petiverint:
306 2060 466 2121 senatui
488 2060 670 2138 placere,
695 2070 735 2121 ut
759 2058 801 2122 C.
823 2061 973 2135 Pausa,
998 2063 1042 2123 Α.
1066 2062 1247 2138 Hirtius,
1271 2085 1362 2126 con·

24 2152 161 2226 eules,
194 2150 488 2230 imperatores,
526 2149 651 2226 alter,
687 2153 874 2224 ambove,
908 2151 943 2214 si
973 2153 1027 2214 eis
1051 2154 1254 2228 videatur,
1291 2155 1360 2230 iis,

37 2242 101 2324 qui
123 2242 359 2323 sanguinem
382 2262 455 2322 pro
479 2240 579 2315 vita,
605 2241 816 2316 libertate,
840 2235 1104 2326 fortunisque
1126 2246 1363 2325 populiRo·

36 2334 153 2410 mani,
187 2355 263 2414 pro
294 2336 406 2408 urbe,
441 2332 682 2413 templisque
711 2336 869 2395 deorum
899 2334 1182 2397 immortalium
1217 2336 1359 2416 profu·

38 2426 207 2498 dissent,
245 2436 546 2488 monumentum
578 2445 687 2506 quam
716 2424 1005 2504 amplissimum
1029 2427 1239 2490 locandum
1262 2427 1362 2490 faci·

39 2520 252 2600 endumque
281 2528 445 2589 curent;
482 2526 728 2596 quaestores
758 2517 841 2577 urb.
873 2519 915 2577 ad
947 2537 1024 2578 eam
1048 2539 1129 2580 rem
1151 2520 1361 2599 pecuniam

39 2613 144 2686 dare,
176 2609 425 2681 attribuere,
456 2608 619 2670 solvere
642 2606 821 2680 iubeant,
846 2620 1040 2671 utexstet
1063 2613 1107 2671 ad
1131 2611 1362 2673 memoriam

39 2699 309 2783 posteritatis
331 2698 636 2780 sempiternam,
671 2702 717 2760 ad
739 2700 872 2761 scelus
896 2701 1266 2765 crudelissimorum
1294 2704 1363 2766 ho·

40 2795 172 2871 stium,
197 2791 449 2873 militumque
472 2791 643 2854 diuinam
669 2791 876 2864 virtutem3
900 2803 1038 2873 atque,
1064 2814 1160 2876 quae
1183 2795 1361 2873 praemia

40 2898 195 2949 senatus
220 2883 419 2946 militibus
443 2896 533 2945 ante
555 2882 790 2957 constituit,
816 2904 856 2944 ea
879 2885 1090 2947 solvantur
1112 2907 1264 2960 eorum,
1294 2885 1363 2969 qui

38 2980 112 3041 hoe
133 2979 244 3041 bello
267 2997 339 3056 pro
361 2976 497 3057 patria
520 2975 777 3048 oeciderunt,
801 2977 1059 3056 parentibus,
1085 2977 1248 3051 liberis,
1273 2998 1362 3039 con·

39 3069 220 3153 iugibus,
244 3069 471 3140 fratribus3
495 3067 629 3147 iisque
652 3066 907 3144 tribuantur,
924 3068 1239 3150 quaemilitibus
1260 3069 1363 3150 ipsis

38 3162 164 3223 tribui
181 3153 469 3243 oporteret,si
490 3157 555 3221 illi
578 3158 800 3235 vixissent,
819 3160 883 3242 qui
906 3172 1031 3224 morte
1055 3161 1255 3224 vicerunt.
1284 3160 1363 3224 Phi·

37 3252 117 3334 lipp.
141 3256 196 3329 14,
224 3255 277 3315 14.
1072 3326 1077 3335 ¹

120 3347 223 3426 Saepe
247 3366 284 3406 re
310 3342 402 3406 dilata
439 3356 469 3405 et
506 3343 650 3426 graviter
678 3354 746 3403 aeta
785 3353 817 3403 et
845 3343 939 3422 plane
965 3355 1132 3423 perspecta
1160 3344 1224 3409 Cn.
1263 3349 1364 3411 Pom·

38 3435 100 3515 peii
120 3439 285 3509 voluntate
307 3435 339 3498 iu
361 3458 428 3499 eam
452 3447 593 3516 partem,
618 3447 653 3496 ut
673 3455 743 3496 eum
767 3438 920 3496 decedere
942 3449 1016 3515 post
1040 3436 1199 3498 Kalendas
1224 3438 1365 3501 Martias

38 3528 195 3607 placeret,
221 3528 565 3600 senatusconsultum,
589 3529 676 3608 quod
693 3526 749 3587 tibi
764 3525 853 3598 misi,
877 3526 1078 3600 factumest,
1096 3522 1363 3608 auctoritatesque

40 3620 249 3700 perscriptae.
295 3620 332 3681 S.
366 3618 408 3681 C.
441 3619 689 3682 auctoritas.
735 3615 874 3678 Pridie
904 3617 991 3679 Kal.
1023 3618 1171 3681 Octob.
1199 3618 1237 3679 in
1267 3621 1365 3681 aede

41 3710 247 3789 Apollinis
269 3711 388 3773 scrib.
412 3712 623 3774 affuerunt
651 3710 692 3770 L.
721 3707 924 3770 Domitius
960 3706 1030 3770 Cn.
1062 3709 1103 3770 F.
1136 3712 1365 3772 Ahenobar-

41 3805 126 3877 bus,
165 3805 210 3882 Q.
236 3802 443 3866 Caecilius
473 3804 516 3881 Q.
540 3800 580 3864 F.
605 3801 801 3863 Metellus
824 3799 1105 3880 PiusScipio‚
1145 3801 1363 3864 L.'Villius

40 3896 82 3956 1..
98 3896 139 3957 F.
168 3897 282 3958 Pom.
306 3895 494 3969 Annalis,
520 3893 562 3956 C.
587 3891 810 3972 Septimius
839 3893 881 3952 T.
913 3891 953 3952 F.
986 3891 1176 3969 Quirina,
1201 3891 1242 3955 C.
1267 3895 1366 3955 Luc-

38 3989 144 4050 ceius
168 3987 211 4051 C.
241 3988 283 4049 F.
306 3989 404 4065 Pup.
428 3986 597 4060 Hirrus,
623 3983 665 4047 C.
690 3980 938 4046 Scribonius
961 3979 1003 4044 C.
1031 3983 1072 4044 F.
1097 3985 1195 4063 Pop.
1221 3982 1364 4060 Curio,

39 4079 80 4142 L.
100 4079 270 4143 Atteius
298 4080 342 4139 L.
368 4079 418 4156 F..
436 4080 508 4139 An.
534 4076 702 4165 Capito,
727 4076 779 4138 M.
802 4073 962 4154 Oppius
985 4075 1038 4136 M.
1064 4074 1103 4136 F.
1125 4075 1363 4138 Terentina.

38 4172 151 4250 Quod
173 4171 229 4234 M.
253 4170 480 4232 Marcellus
503 4167 650 4232 consul
673 4168 720 4229 V.
745 4167 855 4229 F.·de
877 4164 1110 4245 provinciis
1138 4168 1367 4230 consulari-

37 4266 105 4325 bus
127 4264 173 4325 D.
196 4264 237 4325 E.
260 4263 304 4324 R.
329 4262 358 4324 1.
383 4260 425 4324 C.
450 4260 506 4322 uti
528 4263 571 4322 L.
596 4258 784 4332 Paullus,
820 4256 861 4321 C.
893 4257 1120 4319 Marcellus
1150 4258 1365 4330 eonsules,

37 4378 118 4417 cum
149 4354 437 4435 magistratum
459 4351 653 4424 inissent,
684 4372 724 4412 ex
748 4371 777 4412 a.
801 4350 833 4412 d.
858 4349 945 4412 Kal.
969 4347 1090 4411 Mart.
1112 4370 1210 4430 quae
1233 4348 1269 4409 iu
1292 4367 1366 4413 suo

38 4449 280 4531 magistratu
309 4445 470 4507 futurae
500 4456 656 4517 essent,
691 4444 734 4503 de
757 4440 1041 4505 consularibus
1064 4437 1296 4520 provinciis
1320 4442 1367 4500 ad

38 4550 221 4601 senatum
251 4538 477 4621 referrent,
507 4557 603 4598 neve
634 4534 728 4616 quid
761 4533 876 4613 prius
908 4555 955 4594 ex
984 4532 1074 4595 Kal.
1106 4533 1229 4594 Mart.
1266 4552 1367 4593 uere

41 4631 136 4713 quid
159 4628 404 4693 coniunctim
427 4631 472 4689 de
494 4649 536 4690 ea
559 4648 601 4688 re
624 4625 853 4688 referretur
881 4645 898 4686 a
929 4624 1192 4697 consulibua,
1223 4622 1366 4704 utique

42 4723 125 4787 eiua
147 4722 209 4786 rei
232 4741 351 4785 causa
374 4743 443 4805 per
466 4719 550 4782 dies
572 4719 803 4783 comitiales
826 4730 1004 4779 senatum
1027 4716 1235 4792 haberent,
1261 4717 1296 4779 S.
1321 4713 1365 4795 Q.
