<?xml version="1.0" encoding="UTF-8"?>
<!DOCTYPE html PUBLIC "-//W3C//DTD XHTML 1.0 Transitional//EN"
    "http://www.w3.org/TR/xhtml1/DTD/xhtml1-transitional.dtd">
<html xmlns="http://www.w3.org/1999/xhtml" xml:lang="en" lang="en">
 <head>
  <title>
</title>
<meta http-equiv="Content-Type" content="text/html;charset=utf-8" />
  <meta name='ocr-system' content='tesseract 3.04.00' />
  <meta name='ocr-capabilities' content='ocr_page ocr_carea ocr_par ocr_line ocrx_word'/>
</head>
<body>
  <div class='ocr_page' id='page_1' title='image "./mtulliiciceroni01fabrgoog_0308.png"; bbox 0 0 3214 5586; ppageno 0'>
   <div class='ocr_carea' id='block_1_1' title="bbox 534 342 1460 479">
    <p class='ocr_par' dir='ltr' id='par_1_1' title="bbox 534 342 1460 479">
     <span class='ocr_line' id='line_1_1' title="bbox 534 342 1460 479; baseline 0.001 -23"><span class='ocrx_word' id='word_1_1' title='bbox 534 474 536 479; x_wconf 81' lang='lat'><strong>.</strong></span> <span class='ocrx_word' id='word_1_2' title='bbox 619 342 772 457; x_wconf 72' lang='lat' dir='ltr'><strong>lunis</strong></span> <span class='ocrx_word' id='word_1_3' title='bbox 793 389 975 461; x_wconf 76' lang='lat' dir='ltr'><strong>aenou.</strong></span> <span class='ocrx_word' id='word_1_4' title='bbox 1205 342 1212 355; x_wconf 71' lang='grc'><strong>’</strong></span> <span class='ocrx_word' id='word_1_5' title='bbox 1399 392 1460 457; x_wconf 79' lang='lat' dir='ltr'><strong>rsa</strong></span> 
     </span>
    </p>
   </div>
   <div class='ocr_carea' id='block_1_2' title="bbox 85 532 1544 4867">
    <p class='ocr_par' dir='ltr' id='par_1_2' title="bbox 127 532 1462 898">
     <span class='ocr_line' id='line_1_2' title="bbox 215 532 1462 599; baseline 0.002 -4"><span class='ocrx_word' id='word_1_6' title='bbox 215 533 298 595; x_wconf 88' lang='lat' dir='ltr'><strong>Lata</strong></span> <span class='ocrx_word' id='word_1_7' title='bbox 320 543 371 595; x_wconf 90' lang='lat' dir='ltr'><strong>est</strong></span> <span class='ocrx_word' id='word_1_8' title='bbox 392 552 410 594; x_wconf 91' lang='lat' dir='ltr'><strong>a</strong></span> <span class='ocrx_word' id='word_1_9' title='bbox 432 533 489 597; x_wconf 89' lang='grc' dir='ltr'><strong>Μ.</strong></span> <span class='ocrx_word' id='word_1_10' title='bbox 514 532 630 597; x_wconf 72' lang='lat' dir='ltr'><strong>Tullio</strong></span> <span class='ocrx_word' id='word_1_11' title='bbox 652 532 815 598; x_wconf 83' lang='lat' dir='ltr'><strong>Cicerone</strong></span> <span class='ocrx_word' id='word_1_12' title='bbox 836 534 968 599; x_wconf 83' lang='lat' dir='ltr'><strong>consule</strong></span> <span class='ocrx_word' id='word_1_13' title='bbox 990 554 1020 595; x_wconf 90' lang='lat' dir='ltr'><strong>a.</strong></span> <span class='ocrx_word' id='word_1_14' title='bbox 1043 552 1077 597; x_wconf 86' lang='lat' dir='ltr'><strong>u.</strong></span> <span class='ocrx_word' id='word_1_15' title='bbox 1101 533 1175 599; x_wconf 80' lang='lat'><strong>690.</strong></span> <span class='ocrx_word' id='word_1_16' title='bbox 1205 534 1245 595; x_wconf 91' lang='lat' dir='ltr'><strong>ad</strong></span> <span class='ocrx_word' id='word_1_17' title='bbox 1270 532 1462 598; x_wconf 87' lang='lat' dir='ltr'><strong>confirman-</strong></span> 
     </span>
     <span class='ocr_line' id='line_1_3' title="bbox 131 626 1461 711; baseline 0.002 -23"><span class='ocrx_word' id='word_1_18' title='bbox 131 627 200 688; x_wconf 86' lang='lat' dir='ltr'><strong>dam</strong></span> <span class='ocrx_word' id='word_1_19' title='bbox 219 639 249 689; x_wconf 89' lang='lat' dir='ltr'><strong>et</strong></span> <span class='ocrx_word' id='word_1_20' title='bbox 269 626 425 711; x_wconf 86' lang='lat' dir='ltr'><strong>graviore</strong></span> <span class='ocrx_word' id='word_1_21' title='bbox 447 647 551 709; x_wconf 88' lang='lat' dir='ltr'><strong>poena</strong></span> <span class='ocrx_word' id='word_1_22' title='bbox 567 630 743 711; x_wconf 87' lang='lat' dir='ltr'><strong>augendam</strong></span> <span class='ocrx_word' id='word_1_23' title='bbox 760 626 965 711; x_wconf 77' lang='lat' dir='ltr'>Calpurniam</span> <span class='ocrx_word' id='word_1_24' title='bbox 981 628 1099 711; x_wconf 86' lang='lat' dir='ltr'><strong>legem.</strong></span> <span class='ocrx_word' id='word_1_25' title='bbox 1144 627 1235 706; x_wconf 85' lang='lat' dir='ltr'><strong>Quae</strong></span> <span class='ocrx_word' id='word_1_26' title='bbox 1255 626 1288 690; x_wconf 92' lang='lat' dir='ltr'><strong>in</strong></span> <span class='ocrx_word' id='word_1_27' title='bbox 1306 627 1461 693; x_wconf 87' lang='lat' dir='ltr'><strong>orationis</strong></span> 
     </span>
     <span class='ocr_line' id='line_1_4' title="bbox 127 719 1460 805; baseline 0.004 -24"><span class='ocrx_word' id='word_1_28' title='bbox 127 740 190 801; x_wconf 86' lang='lat' dir='ltr'><strong>pro</strong></span> <span class='ocrx_word' id='word_1_29' title='bbox 213 721 352 785; x_wconf 89' lang='lat' dir='ltr'><strong>Murena</strong></span> <span class='ocrx_word' id='word_1_30' title='bbox 375 719 481 803; x_wconf 87' lang='lat' dir='ltr'><strong>capite</strong></span> <span class='ocrx_word' id='word_1_31' title='bbox 504 721 557 783; x_wconf 73' lang='lat' dir='ltr'><strong>ib.</strong></span> <span class='ocrx_word' id='word_1_32' title='bbox 580 720 714 785; x_wconf 86' lang='lat' dir='ltr'><strong>indicata</strong></span> <span class='ocrx_word' id='word_1_33' title='bbox 736 733 809 787; x_wconf 88' lang='lat' dir='ltr'><strong>sunt</strong></span> <span class='ocrx_word' id='word_1_34' title='bbox 828 723 887 784; x_wconf 87' lang='lat' dir='ltr'><strong>tria</strong></span> <span class='ocrx_word' id='word_1_35' title='bbox 910 720 1036 784; x_wconf 84' lang='lat' dir='ltr'>Tulliae</span> <span class='ocrx_word' id='word_1_36' title='bbox 1056 720 1136 805; x_wconf 84' lang='lat' dir='ltr'><strong>legis</strong></span> <span class='ocrx_word' id='word_1_37' title='bbox 1151 720 1322 803; x_wconf 90' lang='lat' dir='ltr'><strong>praecipua</strong></span> <span class='ocrx_word' id='word_1_38' title='bbox 1344 723 1460 805; x_wconf 89' lang='lat' dir='ltr'><strong>capita,</strong></span> 
     </span>
     <span class='ocr_line' id='line_1_5' title="bbox 127 812 1328 898; baseline 0.002 -20"><span class='ocrx_word' id='word_1_39' title='bbox 127 812 154 878; x_wconf 90' lang='lat' dir='ltr'><strong>F</strong></span> <span class='ocrx_word' id='word_1_40' title='bbox 161 815 338 879; x_wconf 87' lang='lat' dir='ltr'><strong>erratius</strong></span> <span class='ocrx_word' id='word_1_41' title='bbox 359 813 393 878; x_wconf 92' lang='lat' dir='ltr'><strong>in</strong></span> <span class='ocrx_word' id='word_1_42' title='bbox 415 814 524 897; x_wconf 90' lang='lat' dir='ltr'><strong>Epist.</strong></span> <span class='ocrx_word' id='word_1_43' title='bbox 547 815 603 879; x_wconf 90' lang='lat' dir='ltr'><strong>lib.</strong></span> <span class='ocrx_word' id='word_1_44' title='bbox 627 815 658 879; x_wconf 94' lang='lat' dir='ltr'><strong>l.</strong></span> <span class='ocrx_word' id='word_1_45' title='bbox 684 837 737 898; x_wconf 87' lang='lat' dir='ltr'><strong>cp.</strong></span> <span class='ocrx_word' id='word_1_46' title='bbox 763 817 813 881; x_wconf 80' lang='lat' dir='ltr'><strong>tt.</strong></span> <span class='ocrx_word' id='word_1_47' title='bbox 836 820 884 898; x_wconf 85' lang='lat' dir='ltr'><strong>(p.</strong></span> <span class='ocrx_word' id='word_1_48' title='bbox 907 817 949 879; x_wconf 77' lang='lat' dir='ltr'><strong>bd</strong></span> <span class='ocrx_word' id='word_1_49' title='bbox 970 816 1053 898; x_wconf 84' lang='lat' dir='ltr'><strong>seq.)</strong></span> <span class='ocrx_word' id='word_1_50' title='bbox 1074 815 1118 877; x_wconf 90' lang='lat' dir='ltr'><strong>ita</strong></span> <span class='ocrx_word' id='word_1_51' title='bbox 1140 816 1328 880; x_wconf 85' lang='lat' dir='ltr'><strong>illustravit:</strong></span> 
     </span>
    </p>

    <p class='ocr_par' dir='ltr' id='par_1_3' title="bbox 85 908 1544 4867">
     <span class='ocr_line' id='line_1_6' title="bbox 208 908 1463 1001; baseline 0.004 -29"><span class='ocrx_word' id='word_1_52' title='bbox 208 912 327 973; x_wconf 88' lang='lat' dir='ltr'><strong>Poena</strong></span> <span class='ocrx_word' id='word_1_53' title='bbox 355 909 502 995; x_wconf 84' lang='lat' dir='ltr'><strong>gravior</strong></span> <span class='ocrx_word' id='word_1_54' title='bbox 534 910 571 973; x_wconf 90' lang='lat' dir='ltr'><strong>in</strong></span> <span class='ocrx_word' id='word_1_55' title='bbox 598 911 732 994; x_wconf 82' lang='lat' dir='ltr'>plebem</span> <span class='ocrx_word' id='word_1_56' title='bbox 765 922 828 973; x_wconf 89' lang='lat' dir='ltr'><strong>tua</strong></span> <span class='ocrx_word' id='word_1_57' title='bbox 856 931 934 974; x_wconf 84' lang='lat' dir='ltr'><strong>voce</strong></span> <span class='ocrx_word' id='word_1_58' title='bbox 968 908 1167 1001; x_wconf 84' lang='lat' dir='ltr'><strong>efflagitata</strong></span> <span class='ocrx_word' id='word_1_59' title='bbox 1198 922 1268 984; x_wconf 89' lang='lat' dir='ltr'><strong>est,·</strong></span> <span class='ocrx_word' id='word_1_60' title='bbox 1300 912 1463 977; x_wconf 90' lang='lat' dir='ltr'><strong>commoti</strong></span> 
     </span>
     <span class='ocr_line' id='line_1_7' title="bbox 124 1003 1462 1089; baseline 0.004 -24"><span class='ocrx_word' id='word_1_61' title='bbox 124 1003 234 1067; x_wconf 87' lang='lat' dir='ltr'><strong>animi</strong></span> <span class='ocrx_word' id='word_1_62' title='bbox 246 1005 464 1081; x_wconf 71' lang='lat' dir='ltr'><strong>tenuiorume</strong></span> <span class='ocrx_word' id='word_1_63' title='bbox 486 1003 606 1089; x_wconf 74' lang='lat' dir='ltr'><strong>quiippe</strong></span> <span class='ocrx_word' id='word_1_64' title='bbox 621 1003 677 1088; x_wconf 90' lang='lat' dir='ltr'><strong>qui</strong></span> <span class='ocrx_word' id='word_1_65' title='bbox 696 1003 849 1087; x_wconf 75' lang='lat' dir='ltr'><strong>sieffragia</strong></span> <span class='ocrx_word' id='word_1_66' title='bbox 869 1006 1008 1067; x_wconf 83' lang='lat' dir='ltr'><strong>vendere</strong></span> <span class='ocrx_word' id='word_1_67' title='bbox 1026 1003 1185 1081; x_wconf 79' lang='lat' dir='ltr'>solerent,</span> <span class='ocrx_word' id='word_1_68' title='bbox 1209 1017 1240 1068; x_wconf 91' lang='lat' dir='ltr'><strong>et</strong></span> <span class='ocrx_word' id='word_1_69' title='bbox 1258 1008 1318 1069; x_wconf 90' lang='lat' dir='ltr'><strong>hac</strong></span> <span class='ocrx_word' id='word_1_70' title='bbox 1336 1008 1462 1072; x_wconf 89' lang='lat' dir='ltr'><strong>ratione</strong></span> 
     </span>
     <span class='ocr_line' id='line_1_8' title="bbox 123 1098 1463 1187; baseline 0.003 -26"><span class='ocrx_word' id='word_1_71' title='bbox 123 1120 275 1183; x_wconf 85' lang='lat' dir='ltr'><strong>magnum</strong></span> <span class='ocrx_word' id='word_1_72' title='bbox 304 1098 474 1182; x_wconf 76' lang='lat' dir='ltr'>quotannis</span> <span class='ocrx_word' id='word_1_73' title='bbox 500 1100 623 1187; x_wconf 79' lang='lat' dir='ltr'><strong>laterum</strong></span> <span class='ocrx_word' id='word_1_74' title='bbox 651 1098 779 1172; x_wconf 81' lang='lat' dir='ltr'><strong>lacere;</strong></span> <span class='ocrx_word' id='word_1_75' title='bbox 811 1099 842 1161; x_wconf 90' lang='lat' dir='ltr'><strong>in</strong></span> <span class='ocrx_word' id='word_1_76' title='bbox 871 1120 946 1175; x_wconf 89' lang='lat' dir='ltr'><strong>eos,</strong></span> <span class='ocrx_word' id='word_1_77' title='bbox 982 1098 1037 1183; x_wconf 88' lang='lat' dir='ltr'><strong>qui</strong></span> <span class='ocrx_word' id='word_1_78' title='bbox 1068 1119 1103 1161; x_wconf 87' lang='lat' dir='ltr'><strong>se</strong></span> <span class='ocrx_word' id='word_1_79' title='bbox 1132 1098 1269 1165; x_wconf 88' lang='lat' dir='ltr'><strong>comitiis</strong></span> <span class='ocrx_word' id='word_1_80' title='bbox 1295 1100 1463 1184; x_wconf 84' lang='lat' dir='ltr'><strong>corrumpi</strong></span> 
     </span>
     <span class='ocr_line' id='line_1_9' title="bbox 123 1191 1463 1277; baseline 0.001 -21"><span class='ocrx_word' id='word_1_81' title='bbox 123 1193 283 1270; x_wconf 85' lang='lat' dir='ltr'><strong>sinerent,</strong></span> <span class='ocrx_word' id='word_1_82' title='bbox 320 1193 418 1257; x_wconf 86' lang='lat' dir='ltr'><strong>multo</strong></span> <span class='ocrx_word' id='word_1_83' title='bbox 449 1191 584 1277; x_wconf 86' lang='lat' dir='ltr'><strong>gravior</strong></span> <span class='ocrx_word' id='word_1_84' title='bbox 611 1214 706 1277; x_wconf 82' lang='lat' dir='ltr'><strong>qaram</strong></span> <span class='ocrx_word' id='word_1_85' title='bbox 729 1205 820 1256; x_wconf 89' lang='lat' dir='ltr'><strong>antea</strong></span> <span class='ocrx_word' id='word_1_86' title='bbox 849 1214 954 1275; x_wconf 89' lang='lat' dir='ltr'><strong>poena</strong></span> <span class='ocrx_word' id='word_1_87' title='bbox 980 1193 1151 1256; x_wconf 86' lang='lat' dir='ltr'><strong>constituta</strong></span> <span class='ocrx_word' id='word_1_88' title='bbox 1180 1204 1241 1257; x_wconf 88' lang='lat' dir='ltr'><strong>est.</strong></span> <span class='ocrx_word' id='word_1_89' title='bbox 1284 1195 1463 1260; x_wconf 73' lang='lat' dir='ltr'><strong>Exsilium</strong></span> 
     </span>
     <span class='ocr_line' id='line_1_10' title="bbox 123 1286 1460 1373; baseline -0.001 -22"><span class='ocrx_word' id='word_1_90' title='bbox 123 1286 159 1351; x_wconf 87' lang='lat' dir='ltr'><strong>in</strong></span> <span class='ocrx_word' id='word_1_91' title='bbox 180 1301 344 1355; x_wconf 88' lang='lat' dir='ltr'><strong>nostrum</strong></span> <span class='ocrx_word' id='word_1_92' title='bbox 366 1287 543 1361; x_wconf 76' lang='lat' dir='ltr'><strong>ordinem3</strong></span> <span class='ocrx_word' id='word_1_93' title='bbox 576 1287 639 1351; x_wconf 88' lang='lat' dir='ltr'><strong>soli</strong></span> <span class='ocrx_word' id='word_1_94' title='bbox 665 1286 745 1351; x_wconf 89' lang='lat' dir='ltr'><strong>enim</strong></span> <span class='ocrx_word' id='word_1_95' title='bbox 768 1299 932 1352; x_wconf 75' lang='lat' dir='ltr'><strong>senatores</strong></span> <span class='ocrx_word' id='word_1_96' title='bbox 953 1288 1025 1373; x_wconf 90' lang='lat' dir='ltr'><strong>lege</strong></span> <span class='ocrx_word' id='word_1_97' title='bbox 1048 1291 1086 1351; x_wconf 88' lang='lat' dir='ltr'><strong>de</strong></span> <span class='ocrx_word' id='word_1_98' title='bbox 1112 1289 1229 1355; x_wconf 92' lang='lat' dir='ltr'><strong>ambitu</strong></span> <span class='ocrx_word' id='word_1_99' title='bbox 1255 1290 1460 1364; x_wconf 84' lang='lat' dir='ltr'><strong>tenebantur3</strong></span> 
     </span>
     <span class='ocr_line' id='line_1_11' title="bbox 125 1380 1463 1466; baseline 0.001 -22"><span class='ocrx_word' id='word_1_100' title='bbox 125 1403 195 1445; x_wconf 77' lang='lat' dir='ltr'><strong>carm</strong></span> <span class='ocrx_word' id='word_1_101' title='bbox 221 1382 246 1445; x_wconf 90' lang='lat' dir='ltr'><strong>ii</strong></span> <span class='ocrx_word' id='word_1_102' title='bbox 268 1393 389 1445; x_wconf 86' lang='lat' dir='ltr'><strong>tantum</strong></span> <span class='ocrx_word' id='word_1_103' title='bbox 411 1383 451 1444; x_wconf 88' lang='lat' dir='ltr'><strong>ad</strong></span> <span class='ocrx_word' id='word_1_104' title='bbox 472 1380 629 1463; x_wconf 82' lang='lat' dir='ltr'><strong>petendos</strong></span> <span class='ocrx_word' id='word_1_105' title='bbox 653 1380 859 1463; x_wconf 75' lang='lat' dir='ltr'>magistratus</span> <span class='ocrx_word' id='word_1_106' title='bbox 882 1386 1087 1458; x_wconf 79' lang='lat' dir='ltr'><strong>accederent3</strong></span> <span class='ocrx_word' id='word_1_107' title='bbox 1111 1403 1247 1466; x_wconf 88' lang='lat' dir='ltr'><strong>cumque</strong></span> <span class='ocrx_word' id='word_1_108' title='bbox 1270 1382 1409 1446; x_wconf 86' lang='lat' dir='ltr'><strong>damnati</strong></span> <span class='ocrx_word' id='word_1_109' title='bbox 1431 1394 1463 1445; x_wconf 89' lang='lat' dir='ltr'><strong>et</strong></span> 
     </span>
     <span class='ocr_line' id='line_1_12' title="bbox 127 1476 1461 1559; baseline 0.003 -22"><span class='ocrx_word' id='word_1_110' title='bbox 127 1476 274 1539; x_wconf 75' lang='lat' dir='ltr'><strong>ordinem</strong></span> <span class='ocrx_word' id='word_1_111' title='bbox 299 1488 331 1539; x_wconf 89' lang='lat' dir='ltr'><strong>et</strong></span> <span class='ocrx_word' id='word_1_112' title='bbox 352 1477 400 1540; x_wconf 91' lang='lat' dir='ltr'><strong>ius</strong></span> <span class='ocrx_word' id='word_1_113' title='bbox 422 1479 631 1559; x_wconf 89' lang='lat' dir='ltr'><strong>petendorum</strong></span> <span class='ocrx_word' id='word_1_114' title='bbox 655 1478 814 1542; x_wconf 86' lang='lat' dir='ltr'><strong>honorum</strong></span> <span class='ocrx_word' id='word_1_115' title='bbox 834 1488 927 1539; x_wconf 86' lang='lat' dir='ltr'><strong>antea</strong></span> <span class='ocrx_word' id='word_1_116' title='bbox 943 1478 1137 1555; x_wconf 77' lang='lat' dir='ltr'><strong>auritterant,</strong></span> <span class='ocrx_word' id='word_1_117' title='bbox 1161 1476 1269 1541; x_wconf 85' lang='lat' dir='ltr'><strong>Tullia</strong></span> <span class='ocrx_word' id='word_1_118' title='bbox 1284 1478 1337 1540; x_wconf 83' lang='lat' dir='ltr'><strong>lex</strong></span> <span class='ocrx_word' id='word_1_119' title='bbox 1353 1480 1461 1551; x_wconf 82' lang='lat' dir='ltr'><strong>decem</strong></span> 
     </span>
     <span class='ocr_line' id='line_1_13' title="bbox 127 1569 1463 1654; baseline 0.003 -22"><span class='ocrx_word' id='word_1_120' title='bbox 127 1592 287 1634; x_wconf 89' lang='lat' dir='ltr'><strong>annorum</strong></span> <span class='ocrx_word' id='word_1_121' title='bbox 306 1570 434 1633; x_wconf 84' lang='lat' dir='ltr'><strong>exilium</strong></span> <span class='ocrx_word' id='word_1_122' title='bbox 456 1569 586 1635; x_wconf 82' lang='lat' dir='ltr'><strong>addidit.</strong></span> <span class='ocrx_word' id='word_1_123' title='bbox 629 1573 752 1636; x_wconf 84' lang='lat' dir='ltr'><strong>Morbi</strong></span> <span class='ocrx_word' id='word_1_124' title='bbox 772 1570 993 1635; x_wconf 73' lang='lat' dir='ltr'><strong>excusationi</strong></span> <span class='ocrx_word' id='word_1_125' title='bbox 1012 1593 1125 1654; x_wconf 87' lang='lat' dir='ltr'><strong>poena</strong></span> <span class='ocrx_word' id='word_1_126' title='bbox 1145 1572 1267 1636; x_wconf 81' lang='lat' dir='ltr'><strong>addita</strong></span> <span class='ocrx_word' id='word_1_127' title='bbox 1288 1582 1358 1637; x_wconf 84' lang='lat' dir='ltr'><strong>est:</strong></span> <span class='ocrx_word' id='word_1_128' title='bbox 1386 1572 1463 1636; x_wconf 88' lang='lat' dir='ltr'><strong>Hoc</strong></span> 
     </span>
     <span class='ocr_line' id='line_1_14' title="bbox 127 1664 1461 1752; baseline 0.002 -25"><span class='ocrx_word' id='word_1_129' title='bbox 127 1664 258 1728; x_wconf 88' lang='lat' dir='ltr'><strong>tertium</strong></span> <span class='ocrx_word' id='word_1_130' title='bbox 292 1667 464 1729; x_wconf 85' lang='lat' dir='ltr'><strong>obscurum</strong></span> <span class='ocrx_word' id='word_1_131' title='bbox 498 1686 567 1728; x_wconf 88' lang='lat' dir='ltr'><strong>esse</strong></span> <span class='ocrx_word' id='word_1_132' title='bbox 597 1666 783 1750; x_wconf 88' lang='lat' dir='ltr'><strong>quibusdam</strong></span> <span class='ocrx_word' id='word_1_133' title='bbox 816 1666 943 1727; x_wconf 88' lang='lat' dir='ltr'><strong>videtur</strong></span> <span class='ocrx_word' id='word_1_134' title='bbox 977 1676 1011 1728; x_wconf 87' lang='lat' dir='ltr'><strong>et</strong></span> <span class='ocrx_word' id='word_1_135' title='bbox 1042 1665 1268 1746; x_wconf 76' lang='lat' dir='ltr'><strong>explanatione</strong></span> <span class='ocrx_word' id='word_1_136' title='bbox 1300 1666 1461 1752; x_wconf 85' lang='lat' dir='ltr'><strong>indigere.</strong></span> 
     </span>
     <span class='ocr_line' id='line_1_15' title="bbox 128 1754 1463 1847; baseline 0 -23"><span class='ocrx_word' id='word_1_137' title='bbox 128 1758 298 1824; x_wconf 76' lang='lat' dir='ltr'><strong>Manutius</strong></span> <span class='ocrx_word' id='word_1_138' title='bbox 320 1754 427 1847; x_wconf 85' lang='lat' dir='ltr'><strong>itaque</strong></span> <span class='ocrx_word' id='word_1_139' title='bbox 452 1759 614 1835; x_wconf 86' lang='lat' dir='ltr'><strong>Videtur,</strong></span> <span class='ocrx_word' id='word_1_140' title='bbox 640 1760 758 1844; x_wconf 87' lang='lat' dir='ltr'><strong>inquit,</strong></span> <span class='ocrx_word' id='word_1_141' title='bbox 779 1761 921 1825; x_wconf 78' lang='lat' dir='ltr'><strong>Servius</strong></span> <span class='ocrx_word' id='word_1_142' title='bbox 941 1771 976 1824; x_wconf 89' lang='lat' dir='ltr'><strong>et</strong></span> <span class='ocrx_word' id='word_1_143' title='bbox 994 1760 1136 1842; x_wconf 84' lang='lat' dir='ltr'><strong>petiisse</strong></span> <span class='ocrx_word' id='word_1_144' title='bbox 1158 1780 1181 1823; x_wconf 91' lang='lat' dir='ltr'><strong>a</strong></span> <span class='ocrx_word' id='word_1_145' title='bbox 1201 1772 1325 1824; x_wconf 89' lang='lat' dir='ltr'><strong>senatu</strong></span> <span class='ocrx_word' id='word_1_146' title='bbox 1346 1772 1381 1825; x_wconf 92' lang='lat' dir='ltr'><strong>et</strong></span> <span class='ocrx_word' id='word_1_147' title='bbox 1404 1762 1463 1824; x_wconf 93' lang='lat' dir='ltr'><strong>ob-</strong></span> 
     </span>
     <span class='ocr_line' id='line_1_16' title="bbox 129 1851 1462 1944; baseline 0 -28"><span class='ocrx_word' id='word_1_148' title='bbox 129 1855 294 1930; x_wconf 74' lang='lat' dir='ltr'><strong>tinuisse,</strong></span> <span class='ocrx_word' id='word_1_149' title='bbox 329 1865 368 1916; x_wconf 88' lang='lat' dir='ltr'><strong>ut</strong></span> <span class='ocrx_word' id='word_1_150' title='bbox 392 1856 452 1916; x_wconf 83' lang='lat' dir='ltr'><strong>less</strong></span> <span class='ocrx_word' id='word_1_151' title='bbox 467 1851 639 1944; x_wconf 86' lang='lat' dir='ltr'><strong>ferretur</strong></span> <span class='ocrx_word' id='word_1_152' title='bbox 665 1854 893 1938; x_wconf 75' lang='lat' dir='ltr'><strong>derogandis</strong></span> <span class='ocrx_word' id='word_1_153' title='bbox 916 1853 1074 1918; x_wconf 88' lang='lat' dir='ltr'><strong>omnibus</strong></span> <span class='ocrx_word' id='word_1_154' title='bbox 1096 1852 1145 1915; x_wconf 85' lang='lat' dir='ltr'><strong>ad</strong></span> <span class='ocrx_word' id='word_1_155' title='bbox 1172 1853 1314 1919; x_wconf 72' lang='lat' dir='ltr'><strong>comula</strong></span> <span class='ocrx_word' id='word_1_156' title='bbox 1337 1875 1462 1918; x_wconf 89' lang='lat' dir='ltr'><strong>consu·</strong></span> 
     </span>
     <span class='ocr_line' id='line_1_17' title="bbox 130 1946 1462 2031; baseline 0.003 -23"><span class='ocrx_word' id='word_1_157' title='bbox 130 1947 236 2023; x_wconf 85' lang='lat' dir='ltr'><strong>laria,</strong></span> <span class='ocrx_word' id='word_1_158' title='bbox 260 1967 375 2030; x_wconf 85' lang='lat' dir='ltr'><strong>poena</strong></span> <span class='ocrx_word' id='word_1_159' title='bbox 395 1946 536 2020; x_wconf 81' lang='lat' dir='ltr'><strong>addita,</strong></span> <span class='ocrx_word' id='word_1_160' title='bbox 560 1947 693 2031; x_wconf 80' lang='lat' dir='ltr'><strong>siquis</strong></span> <span class='ocrx_word' id='word_1_161' title='bbox 714 1949 872 2013; x_wconf 80' lang='lat' dir='ltr'><strong>morbum</strong></span> <span class='ocrx_word' id='word_1_162' title='bbox 893 1958 1093 2011; x_wconf 80' lang='lat' dir='ltr'><strong>excusaret.</strong></span> <span class='ocrx_word' id='word_1_163' title='bbox 1138 1947 1242 2026; x_wconf 86' lang='lat' dir='ltr'><strong>Quam</strong></span> <span class='ocrx_word' id='word_1_164' title='bbox 1269 1949 1367 2011; x_wconf 88' lang='lat' dir='ltr'><strong>multa</strong></span> <span class='ocrx_word' id='word_1_165' title='bbox 1388 1948 1462 2012; x_wconf 88' lang='lat' dir='ltr'><strong>iude</strong></span> 
     </span>
     <span class='ocr_line' id='line_1_18' title="bbox 132 2038 1462 2126; baseline 0.002 -21"><span class='ocrx_word' id='word_1_166' title='bbox 132 2053 400 2126; x_wconf 85' lang='lat' dir='ltr'><strong>consequerentur</strong></span> <span class='ocrx_word' id='word_1_167' title='bbox 424 2038 585 2103; x_wconf 80' lang='lat' dir='ltr'><strong>abstsrda?</strong></span> <span class='ocrx_word' id='word_1_168' title='bbox 623 2043 656 2105; x_wconf 87' lang='lat' dir='ltr'><strong>l.</strong></span> <span class='ocrx_word' id='word_1_169' title='bbox 681 2043 750 2106; x_wconf 88' lang='lat' dir='ltr'><strong>Eos</strong></span> <span class='ocrx_word' id='word_1_170' title='bbox 779 2041 874 2104; x_wconf 84' lang='lat' dir='ltr'><strong>etism</strong></span> <span class='ocrx_word' id='word_1_171' title='bbox 900 2052 1032 2106; x_wconf 89' lang='lat' dir='ltr'><strong>coactos</strong></span> <span class='ocrx_word' id='word_1_172' title='bbox 1055 2040 1154 2105; x_wconf 86' lang='lat' dir='ltr'><strong>fuisse</strong></span> <span class='ocrx_word' id='word_1_173' title='bbox 1183 2041 1318 2105; x_wconf 89' lang='lat' dir='ltr'><strong>comitiis</strong></span> <span class='ocrx_word' id='word_1_174' title='bbox 1340 2044 1462 2119; x_wconf 82' lang='lat' dir='ltr'><strong>adesse,</strong></span> 
     </span>
     <span class='ocr_line' id='line_1_19' title="bbox 134 2120 1462 2220; baseline 0.002 -23"><span class='ocrx_word' id='word_1_175' title='bbox 134 2133 187 2215; x_wconf 86' lang='lat' dir='ltr'><strong>qui</strong></span> <span class='ocrx_word' id='word_1_176' title='bbox 209 2136 287 2199; x_wconf 86' lang='lat' dir='ltr'><strong>male</strong></span> <span class='ocrx_word' id='word_1_177' title='bbox 309 2136 469 2210; x_wconf 85' lang='lat' dir='ltr'><strong>valerent,</strong></span> <span class='ocrx_word' id='word_1_178' title='bbox 493 2155 563 2197; x_wconf 93' lang='lat' dir='ltr'><strong>cum</strong></span> <span class='ocrx_word' id='word_1_179' title='bbox 588 2135 803 2220; x_wconf 85' lang='lat' dir='ltr'><strong>unusquisque</strong></span> <span class='ocrx_word' id='word_1_180' title='bbox 825 2136 954 2219; x_wconf 89' lang='lat' dir='ltr'><strong>impune</strong></span> <span class='ocrx_word' id='word_1_181' title='bbox 976 2137 1089 2199; x_wconf 89' lang='lat' dir='ltr'><strong>abesse</strong></span> <span class='ocrx_word' id='word_1_182' title='bbox 1110 2120 1256 2218; x_wconf 81' lang='lat' dir='ltr'><strong>pote&#39;rat,</strong></span> <span class='ocrx_word' id='word_1_183' title='bbox 1279 2134 1354 2199; x_wconf 91' lang='lat' dir='ltr'><strong>licet</strong></span> <span class='ocrx_word' id='word_1_184' title='bbox 1375 2138 1462 2203; x_wconf 86' lang='lat' dir='ltr'><strong>nulla</strong></span> 
     </span>
     <span class='ocr_line' id='line_1_20' title="bbox 134 2227 1461 2312; baseline 0.005 -22"><span class='ocrx_word' id='word_1_185' title='bbox 134 2230 333 2294; x_wconf 80' lang='lat' dir='ltr'><strong>excusatione</strong></span> <span class='ocrx_word' id='word_1_186' title='bbox 355 2241 512 2295; x_wconf 88' lang='lat' dir='ltr'><strong>uteretur.</strong></span> <span class='ocrx_word' id='word_1_187' title='bbox 555 2230 587 2292; x_wconf 79' lang='lat'><strong>2.</strong></span> <span class='ocrx_word' id='word_1_188' title='bbox 613 2227 695 2295; x_wconf 86' lang='lat' dir='ltr'><strong>Cum</strong></span> <span class='ocrx_word' id='word_1_189' title='bbox 716 2250 769 2293; x_wconf 91' lang='lat' dir='ltr'><strong>res</strong></span> <span class='ocrx_word' id='word_1_190' title='bbox 791 2230 862 2312; x_wconf 89' lang='lat' dir='ltr'><strong>ipsa</strong></span> <span class='ocrx_word' id='word_1_191' title='bbox 888 2252 950 2312; x_wconf 78' lang='lat' dir='ltr'><strong>per</strong></span> <span class='ocrx_word' id='word_1_192' title='bbox 971 2250 1007 2292; x_wconf 89' lang='lat' dir='ltr'><strong>se</strong></span> <span class='ocrx_word' id='word_1_193' title='bbox 1034 2241 1083 2293; x_wconf 89' lang='lat' dir='ltr'><strong>est</strong></span> <span class='ocrx_word' id='word_1_194' title='bbox 1107 2231 1237 2307; x_wconf 89' lang='lat' dir='ltr'><strong>odiosa,</strong></span> <span class='ocrx_word' id='word_1_195' title='bbox 1268 2242 1334 2295; x_wconf 90' lang='lat' dir='ltr'><strong>tum</strong></span> <span class='ocrx_word' id='word_1_196' title='bbox 1361 2233 1461 2296; x_wconf 89' lang='lat' dir='ltr'><strong>multo</strong></span> 
     </span>
     <span class='ocr_line' id='line_1_21' title="bbox 133 2323 1535 2415; baseline 0.004 -32"><span class='ocrx_word' id='word_1_197' title='bbox 133 2323 231 2406; x_wconf 87' lang='lat' dir='ltr'><strong>magis</strong></span> <span class='ocrx_word' id='word_1_198' title='bbox 254 2327 296 2386; x_wconf 93' lang='lat' dir='ltr'><strong>ob</strong></span> <span class='ocrx_word' id='word_1_199' title='bbox 324 2323 542 2409; x_wconf 55' lang='lat' dir='ltr'><strong>perusinam</strong></span> <span class='ocrx_word' id='word_1_200' title='bbox 568 2344 724 2407; x_wconf 83' lang='lat' dir='ltr'><strong>poenam:</strong></span> <span class='ocrx_word' id='word_1_201' title='bbox 761 2327 838 2389; x_wconf 82' lang='lat' dir='ltr'><strong>Aut</strong></span> <span class='ocrx_word' id='word_1_202' title='bbox 859 2324 1076 2388; x_wconf 82' lang='lat' dir='ltr'><strong>incommodo</strong></span> <span class='ocrx_word' id='word_1_203' title='bbox 1098 2325 1210 2388; x_wconf 85' lang='lat' dir='ltr'><strong>morbi</strong></span> <span class='ocrx_word' id='word_1_204' title='bbox 1230 2324 1337 2415; x_wconf 82' lang='lat' dir='ltr'><strong>etiam</strong></span> <span class='ocrx_word' id='word_1_205' title='bbox 1357 2324 1463 2388; x_wconf 86' lang='lat' dir='ltr'><strong>ceteri</strong></span> <span class='ocrx_word' id='word_1_206' title='bbox 1532 2336 1535 2348; x_wconf 86' lang='lat'>&#39;</span> 
     </span>
     <span class='ocr_line' id='line_1_22' title="bbox 130 2415 1463 2507; baseline 0.003 -29"><span class='ocrx_word' id='word_1_207' title='bbox 130 2415 382 2507; x_wconf 86' lang='lat' dir='ltr'><strong>vitaefructus</strong></span> <span class='ocrx_word' id='word_1_208' title='bbox 403 2418 638 2502; x_wconf 85' lang='lat' dir='ltr'><strong>relinquendi,</strong></span> <span class='ocrx_word' id='word_1_209' title='bbox 672 2418 813 2480; x_wconf 88' lang='lat' dir='ltr'><strong>oratoris</strong></span> <span class='ocrx_word' id='word_1_210' title='bbox 837 2418 937 2480; x_wconf 83' lang='lat' dir='ltr'><strong>verba</strong></span> <span class='ocrx_word' id='word_1_211' title='bbox 958 2428 1048 2491; x_wconf 87' lang='lat' dir='ltr'><strong>sunt;</strong></span> <span class='ocrx_word' id='word_1_212' title='bbox 1083 2439 1211 2481; x_wconf 87' lang='lat' dir='ltr'><strong>necesse</strong></span> <span class='ocrx_word' id='word_1_213' title='bbox 1234 2429 1319 2494; x_wconf 88' lang='lat' dir='ltr'><strong>erat,</strong></span> <span class='ocrx_word' id='word_1_214' title='bbox 1352 2430 1387 2481; x_wconf 91' lang='lat' dir='ltr'><strong>nt</strong></span> <span class='ocrx_word' id='word_1_215' title='bbox 1407 2418 1463 2482; x_wconf 85' lang='lat' dir='ltr'><strong>vel</strong></span> 
     </span>
     <span class='ocr_line' id='line_1_23' title="bbox 130 2507 1462 2594; baseline 0.002 -22"><span class='ocrx_word' id='word_1_216' title='bbox 130 2513 245 2576; x_wconf 87' lang='lat' dir='ltr'><strong>morbo</strong></span> <span class='ocrx_word' id='word_1_217' title='bbox 259 2512 418 2594; x_wconf 88' lang='lat' dir='ltr'><strong>perirent,</strong></span> <span class='ocrx_word' id='word_1_218' title='bbox 445 2513 516 2589; x_wconf 82' lang='lat' dir='ltr'><strong>rel,</strong></span> <span class='ocrx_word' id='word_1_219' title='bbox 540 2513 567 2575; x_wconf 89' lang='lat' dir='ltr'><strong>si</strong></span> <span class='ocrx_word' id='word_1_220' title='bbox 582 2508 839 2583; x_wconf 84' lang='lat' dir='ltr'><strong>convaluissent,</strong></span> <span class='ocrx_word' id='word_1_221' title='bbox 863 2509 948 2591; x_wconf 81' lang='lat' dir='ltr'><strong>pstlsi</strong></span> <span class='ocrx_word' id='word_1_222' title='bbox 964 2507 995 2572; x_wconf 93' lang='lat' dir='ltr'><strong>in</strong></span> <span class='ocrx_word' id='word_1_223' title='bbox 1011 2509 1140 2573; x_wconf 84' lang='lat' dir='ltr'><strong>exilium</strong></span> <span class='ocrx_word' id='word_1_224' title='bbox 1160 2512 1264 2575; x_wconf 91' lang='lat' dir='ltr'><strong>omnia</strong></span> <span class='ocrx_word' id='word_1_225' title='bbox 1280 2512 1462 2577; x_wconf 87' lang='lat' dir='ltr'><strong>amitterent</strong></span> 
     </span>
     <span class='ocr_line' id='line_1_24' title="bbox 130 2601 1460 2687; baseline 0.004 -20"><span class='ocrx_word' id='word_1_226' title='bbox 130 2627 198 2668; x_wconf 90' lang='lat' dir='ltr'><strong>cnm</strong></span> <span class='ocrx_word' id='word_1_227' title='bbox 224 2605 368 2669; x_wconf 87' lang='lat' dir='ltr'><strong>civitate.</strong></span> <span class='ocrx_word' id='word_1_228' title='bbox 412 2607 445 2669; x_wconf 82' lang='lat'><strong>3.</strong></span> <span class='ocrx_word' id='word_1_229' title='bbox 469 2608 545 2670; x_wconf 93' lang='lat' dir='ltr'><strong>Non</strong></span> <span class='ocrx_word' id='word_1_230' title='bbox 568 2618 657 2669; x_wconf 90' lang='lat' dir='ltr'><strong>recte</strong></span> <span class='ocrx_word' id='word_1_231' title='bbox 679 2601 798 2667; x_wconf 87' lang='lat' dir='ltr'><strong>Cicero</strong></span> <span class='ocrx_word' id='word_1_232' title='bbox 822 2602 970 2679; x_wconf 81' lang='lat' dir='ltr'><strong>dixisset,</strong></span> <span class='ocrx_word' id='word_1_233' title='bbox 995 2624 1034 2667; x_wconf 90' lang='lat' dir='ltr'><strong>eo</strong></span> <span class='ocrx_word' id='word_1_234' title='bbox 1057 2603 1137 2687; x_wconf 84' lang='lat' dir='ltr'><strong>legis</strong></span> <span class='ocrx_word' id='word_1_235' title='bbox 1158 2606 1260 2687; x_wconf 87' lang='lat' dir='ltr'><strong>capite</strong></span> <span class='ocrx_word' id='word_1_236' title='bbox 1286 2608 1460 2672; x_wconf 84' lang='lat' dir='ltr'><strong>multorum</strong></span> 
     </span>
     <span class='ocr_line' id='line_1_25' title="bbox 130 2699 1462 2783; baseline 0.002 -20"><span class='ocrx_word' id='word_1_237' title='bbox 130 2700 324 2764; x_wconf 80' lang='lat' dir='ltr'><strong>voluntatem</strong></span> <span class='ocrx_word' id='word_1_238' title='bbox 341 2703 506 2765; x_wconf 83' lang='lat' dir='ltr'><strong>offensam.</strong></span> <span class='ocrx_word' id='word_1_239' title='bbox 552 2703 605 2764; x_wconf 88' lang='lat' dir='ltr'><strong>An</strong></span> <span class='ocrx_word' id='word_1_240' title='bbox 625 2699 788 2783; x_wconf 86' lang='lat' dir='ltr'><strong>quisquam</strong></span> <span class='ocrx_word' id='word_1_241' title='bbox 807 2720 876 2762; x_wconf 87' lang='lat' dir='ltr'><strong>esse</strong></span> <span class='ocrx_word' id='word_1_242' title='bbox 890 2710 1038 2780; x_wconf 86' lang='lat' dir='ltr'><strong>poterat,</strong></span> <span class='ocrx_word' id='word_1_243' title='bbox 1063 2699 1201 2781; x_wconf 87' lang='lat' dir='ltr'><strong>quinon</strong></span> <span class='ocrx_word' id='word_1_244' title='bbox 1222 2701 1462 2767; x_wconf 79' lang='lat' dir='ltr'><strong>offenderetur?</strong></span> 
     </span>
     <span class='ocr_line' id='line_1_26' title="bbox 131 2792 1460 2881; baseline 0.004 -26"><span class='ocrx_word' id='word_1_245' title='bbox 131 2794 194 2858; x_wconf 88' lang='lat' dir='ltr'><strong>hoc</strong></span> <span class='ocrx_word' id='word_1_246' title='bbox 215 2806 280 2872; x_wconf 88' lang='lat' dir='ltr'><strong>est,</strong></span> <span class='ocrx_word' id='word_1_247' title='bbox 303 2795 358 2881; x_wconf 89' lang='lat' dir='ltr'><strong>qui</strong></span> <span class='ocrx_word' id='word_1_248' title='bbox 381 2817 446 2858; x_wconf 92' lang='lat' dir='ltr'><strong>non</strong></span> <span class='ocrx_word' id='word_1_249' title='bbox 469 2805 624 2858; x_wconf 85' lang='lat' dir='ltr'><strong>metueret</strong></span> <span class='ocrx_word' id='word_1_250' title='bbox 645 2794 717 2875; x_wconf 71' lang='lat' dir='ltr'><strong>fore</strong></span> <span class='ocrx_word' id='word_1_251' title='bbox 740 2792 929 2877; x_wconf 86' lang='lat' dir='ltr'><strong>aliquando,</strong></span> <span class='ocrx_word' id='word_1_252' title='bbox 953 2806 987 2855; x_wconf 90' lang='lat' dir='ltr'><strong>ut</strong></span> <span class='ocrx_word' id='word_1_253' title='bbox 1011 2792 1080 2874; x_wconf 89' lang='lat' dir='ltr'><strong>ipse</strong></span> <span class='ocrx_word' id='word_1_254' title='bbox 1103 2813 1234 2877; x_wconf 90' lang='lat' dir='ltr'><strong>quoque</strong></span> <span class='ocrx_word' id='word_1_255' title='bbox 1257 2794 1460 2860; x_wconf 89' lang='lat' dir='ltr'><strong>comitiorum</strong></span> 
     </span>
     <span class='ocr_line' id='line_1_27' title="bbox 133 2886 1544 2975; baseline 0.004 -26"><span class='ocrx_word' id='word_1_256' title='bbox 133 2898 276 2973; x_wconf 88' lang='lat' dir='ltr'><strong>tempore</strong></span> <span class='ocrx_word' id='word_1_257' title='bbox 297 2891 413 2955; x_wconf 88' lang='lat' dir='ltr'><strong>morbo</strong></span> <span class='ocrx_word' id='word_1_258' title='bbox 438 2890 546 2974; x_wconf 88' lang='lat' dir='ltr'><strong>aliquo</strong></span> <span class='ocrx_word' id='word_1_259' title='bbox 564 2886 797 2972; x_wconf 80' lang='lat' dir='ltr'><strong>impediretur?</strong></span> <span class='ocrx_word' id='word_1_260' title='bbox 839 2890 871 2949; x_wconf 76' lang='lat' dir='ltr'><strong>d.</strong></span> <span class='ocrx_word' id='word_1_261' title='bbox 896 2888 940 2951; x_wconf 92' lang='lat' dir='ltr'><strong>Ut</strong></span> <span class='ocrx_word' id='word_1_262' title='bbox 962 2887 1021 2950; x_wconf 86' lang='lat' dir='ltr'><strong>slis</strong></span> <span class='ocrx_word' id='word_1_263' title='bbox 1045 2886 1138 2950; x_wconf 82' lang='lat' dir='ltr'><strong>misia</strong></span> <span class='ocrx_word' id='word_1_264' title='bbox 1160 2887 1275 2951; x_wconf 86' lang='lat' dir='ltr'><strong>faciam</strong></span> <span class='ocrx_word' id='word_1_265' title='bbox 1296 2892 1463 2975; x_wconf 78' lang='lat' dir='ltr'><strong>qrsampln·</strong></span> <span class='ocrx_word' id='word_1_266' title='bbox 1539 2906 1544 2919; x_wconf 95' lang='grc'>’</span> 
     </span>
     <span class='ocr_line' id='line_1_28' title="bbox 131 2980 1460 3081; baseline 0.002 -36"><span class='ocrx_word' id='word_1_267' title='bbox 131 2983 229 3046; x_wconf 88' lang='lat' dir='ltr'><strong>rima:</strong></span> <span class='ocrx_word' id='word_1_268' title='bbox 254 3005 368 3049; x_wconf 89' lang='lat' dir='ltr'><strong>suosne</strong></span> <span class='ocrx_word' id='word_1_269' title='bbox 390 3007 428 3047; x_wconf 90' lang='lat' dir='ltr'><strong>an</strong></span> <span class='ocrx_word' id='word_1_270' title='bbox 452 2984 696 3065; x_wconf 85' lang='lat' dir='ltr'><strong>competitorum</strong></span> <span class='ocrx_word' id='word_1_271' title='bbox 717 2983 948 3066; x_wconf 79' lang='lat' dir='ltr'><strong>suffragatores</strong></span> <span class='ocrx_word' id='word_1_272' title='bbox 971 2984 1109 3081; x_wconf 80' lang='lat' dir='ltr'><strong>cogebat</strong></span> <span class='ocrx_word' id='word_1_273' title='bbox 1131 2982 1243 3047; x_wconf 84' lang='lat' dir='ltr'><strong>venire</strong></span> <span class='ocrx_word' id='word_1_274' title='bbox 1261 2980 1293 3045; x_wconf 91' lang='lat' dir='ltr'><strong>in</strong></span> <span class='ocrx_word' id='word_1_275' title='bbox 1313 3004 1460 3067; x_wconf 79' lang='lat' dir='ltr'><strong>campum</strong></span> 
     </span>
     <span class='ocr_line' id='line_1_29' title="bbox 127 3075 1461 3161; baseline 0.002 -21"><span class='ocrx_word' id='word_1_276' title='bbox 127 3076 311 3160; x_wconf 80' lang='lat' dir='ltr'><strong>Sulpicius?</strong></span> <span class='ocrx_word' id='word_1_277' title='bbox 334 3078 369 3142; x_wconf 90' lang='lat' dir='ltr'><strong>Si</strong></span> <span class='ocrx_word' id='word_1_278' title='bbox 391 3100 486 3152; x_wconf 63' lang='lat' dir='ltr'><strong>strom</strong></span> <span class='ocrx_word' id='word_1_279' title='bbox 510 3086 678 3159; x_wconf 85' lang='lat' dir='ltr'><strong>repererat</strong></span> <span class='ocrx_word' id='word_1_280' title='bbox 700 3075 866 3152; x_wconf 88' lang='lat' dir='ltr'><strong>nimirum,</strong></span> <span class='ocrx_word' id='word_1_281' title='bbox 891 3097 953 3161; x_wconf 86' lang='lat' dir='ltr'><strong>qua</strong></span> <span class='ocrx_word' id='word_1_282' title='bbox 974 3075 1094 3157; x_wconf 87' lang='lat' dir='ltr'><strong>optima</strong></span> <span class='ocrx_word' id='word_1_283' title='bbox 1116 3076 1241 3141; x_wconf 87' lang='lat' dir='ltr'><strong>ratione</strong></span> <span class='ocrx_word' id='word_1_284' title='bbox 1264 3098 1375 3142; x_wconf 89' lang='lat' dir='ltr'><strong>eorum</strong></span> <span class='ocrx_word' id='word_1_285' title='bbox 1397 3075 1461 3144; x_wconf 83' lang='lat' dir='ltr'><strong>sibi</strong></span> 
     </span>
     <span class='ocr_line' id='line_1_30' title="bbox 124 3170 1459 3258; baseline 0.002 -25"><span class='ocrx_word' id='word_1_286' title='bbox 124 3172 306 3235; x_wconf 82' lang='lat' dir='ltr'><strong>voluntates</strong></span> <span class='ocrx_word' id='word_1_287' title='bbox 333 3171 532 3236; x_wconf 80' lang='lat' dir='ltr'><strong>conciliaret.</strong></span> <span class='ocrx_word' id='word_1_288' title='bbox 578 3170 614 3234; x_wconf 85' lang='lat' dir='ltr'><strong>Si</strong></span> <span class='ocrx_word' id='word_1_289' title='bbox 636 3171 868 3255; x_wconf 77' lang='lat' dir='ltr'><strong>satllragatorcs</strong></span> <span class='ocrx_word' id='word_1_290' title='bbox 894 3171 1159 3253; x_wconf 81' lang='lat' dir='ltr'><strong>competitorum3</strong></span> <span class='ocrx_word' id='word_1_291' title='bbox 1191 3172 1314 3236; x_wconf 89' lang='lat' dir='ltr'><strong>scilicet</strong></span> <span class='ocrx_word' id='word_1_292' title='bbox 1336 3183 1371 3235; x_wconf 91' lang='lat' dir='ltr'><strong>ut</strong></span> <span class='ocrx_word' id='word_1_293' title='bbox 1391 3194 1459 3258; x_wconf 89' lang='lat' dir='ltr'><strong>quo</strong></span> 
     </span>
     <span class='ocr_line' id='line_1_31' title="bbox 122 3263 1459 3351; baseline 0.001 -22"><span class='ocrx_word' id='word_1_294' title='bbox 122 3266 224 3332; x_wconf 86' lang='lat' dir='ltr'><strong>maior</strong></span> <span class='ocrx_word' id='word_1_295' title='bbox 249 3279 333 3331; x_wconf 89' lang='lat' dir='ltr'><strong>esset</strong></span> <span class='ocrx_word' id='word_1_296' title='bbox 356 3266 456 3329; x_wconf 86' lang='lat' dir='ltr'><strong>aliena</strong></span> <span class='ocrx_word' id='word_1_297' title='bbox 479 3264 689 3351; x_wconf 78' lang='lat' dir='ltr'><strong>suffragatio,</strong></span> <span class='ocrx_word' id='word_1_298' title='bbox 714 3266 752 3327; x_wconf 89' lang='lat' dir='ltr'><strong>de</strong></span> <span class='ocrx_word' id='word_1_299' title='bbox 771 3264 901 3349; x_wconf 89' lang='lat' dir='ltr'><strong>repulsa</strong></span> <span class='ocrx_word' id='word_1_300' title='bbox 923 3263 991 3347; x_wconf 92' lang='lat' dir='ltr'><strong>ipse</strong></span> <span class='ocrx_word' id='word_1_301' title='bbox 1014 3266 1137 3330; x_wconf 86' lang='lat' dir='ltr'><strong>certior</strong></span> <span class='ocrx_word' id='word_1_302' title='bbox 1157 3266 1259 3331; x_wconf 79' lang='lat' dir='ltr'><strong>foret.</strong></span> <span class='ocrx_word' id='word_1_303' title='bbox 1306 3266 1459 3337; x_wconf 81' lang='lat' dir='ltr'><strong>Ceterum</strong></span> 
     </span>
     <span class='ocr_line' id='line_1_32' title="bbox 119 3359 1458 3442; baseline 0 -17"><span class='ocrx_word' id='word_1_304' title='bbox 119 3382 160 3425; x_wconf 83' lang='lat' dir='ltr'><strong>ex</strong></span> <span class='ocrx_word' id='word_1_305' title='bbox 186 3362 259 3426; x_wconf 88' lang='lat' dir='ltr'><strong>Tit.</strong></span> <span class='ocrx_word' id='word_1_306' title='bbox 290 3365 323 3423; x_wconf 84' lang='grc'><strong>7.</strong></span> <span class='ocrx_word' id='word_1_307' title='bbox 352 3360 532 3425; x_wconf 89' lang='lat' dir='ltr'><strong>Duodecim</strong></span> <span class='ocrx_word' id='word_1_308' title='bbox 566 3360 781 3436; x_wconf 85' lang='lat' dir='ltr'><strong>Tabularum,</strong></span> <span class='ocrx_word' id='word_1_309' title='bbox 818 3359 928 3442; x_wconf 78' lang='lat' dir='ltr'><strong>qttanti</strong></span> <span class='ocrx_word' id='word_1_310' title='bbox 964 3359 1116 3423; x_wconf 87' lang='lat' dir='ltr'><strong>momenti</strong></span> <span class='ocrx_word' id='word_1_311' title='bbox 1156 3372 1240 3423; x_wconf 88' lang='lat' dir='ltr'><strong>esset</strong></span> <span class='ocrx_word' id='word_1_312' title='bbox 1271 3362 1304 3424; x_wconf 91' lang='lat' dir='ltr'><strong>in</strong></span> <span class='ocrx_word' id='word_1_313' title='bbox 1331 3361 1458 3426; x_wconf 89' lang='lat' dir='ltr'><strong>iudiciis</strong></span> 
     </span>
     <span class='ocr_line' id='line_1_33' title="bbox 85 3453 1460 3536; baseline 0.001 -17"><span class='ocrx_word' id='word_1_314' title='bbox 85 3456 91 3465; x_wconf 89' lang='lat'>&#39;</span> <span class='ocrx_word' id='word_1_315' title='bbox 120 3454 291 3520; x_wconf 86' lang='lat' dir='ltr'><strong>excusatio</strong></span> <span class='ocrx_word' id='word_1_316' title='bbox 314 3453 440 3529; x_wconf 86' lang='lat' dir='ltr'><strong>morbi,</strong></span> <span class='ocrx_word' id='word_1_317' title='bbox 471 3453 656 3536; x_wconf 84' lang='lat' dir='ltr'><strong>colligitur:</strong></span> <span class='ocrx_word' id='word_1_318' title='bbox 696 3454 735 3517; x_wconf 89' lang='lat' dir='ltr'><strong>Si</strong></span> <span class='ocrx_word' id='word_1_319' title='bbox 755 3454 865 3517; x_wconf 81' lang='lat' dir='ltr'><strong>iudex</strong></span> <span class='ocrx_word' id='word_1_320' title='bbox 888 3455 942 3516; x_wconf 85' lang='lat' dir='ltr'><strong>vel</strong></span> <span class='ocrx_word' id='word_1_321' title='bbox 963 3455 1130 3516; x_wconf 84' lang='lat' dir='ltr'><strong>alteruter</strong></span> <span class='ocrx_word' id='word_1_322' title='bbox 1151 3475 1199 3518; x_wconf 87' lang='lat' dir='ltr'><strong>ear</strong></span> <span class='ocrx_word' id='word_1_323' title='bbox 1221 3453 1460 3536; x_wconf 86' lang='lat' dir='ltr'><strong>litigatoribus</strong></span> 
     </span>
     <span class='ocr_line' id='line_1_34' title="bbox 119 3545 1459 3634; baseline -0.004 -17"><span class='ocrx_word' id='word_1_324' title='bbox 119 3551 245 3617; x_wconf 86' lang='lat' dir='ltr'><strong>morbo</strong></span> <span class='ocrx_word' id='word_1_325' title='bbox 267 3548 402 3611; x_wconf 86' lang='lat' dir='ltr'><strong>sontico</strong></span> <span class='ocrx_word' id='word_1_326' title='bbox 425 3548 654 3630; x_wconf 80' lang='lat' dir='ltr'><strong>impediatur,</strong></span> <span class='ocrx_word' id='word_1_327' title='bbox 677 3547 751 3610; x_wconf 84' lang='lat' dir='ltr'><strong>diss</strong></span> <span class='ocrx_word' id='word_1_328' title='bbox 773 3546 895 3610; x_wconf 81' lang='lat' dir='ltr'><strong>iudicii</strong></span> <span class='ocrx_word' id='word_1_329' title='bbox 923 3545 1064 3634; x_wconf 83' lang='lat' dir='ltr'><strong>diffisus</strong></span> <span class='ocrx_word' id='word_1_330' title='bbox 1091 3558 1177 3610; x_wconf 88' lang='lat' dir='ltr'><strong>esto.</strong></span> <span class='ocrx_word' id='word_1_331' title='bbox 1221 3547 1317 3626; x_wconf 88' lang='lat' dir='ltr'><strong>Quod</strong></span> <span class='ocrx_word' id='word_1_332' title='bbox 1339 3549 1459 3615; x_wconf 90' lang='lat' dir='ltr'><strong>nonin</strong></span> 
     </span>
     <span class='ocr_line' id='line_1_35' title="bbox 117 3639 1458 3726; baseline -0.001 -19"><span class='ocrx_word' id='word_1_333' title='bbox 117 3641 259 3726; x_wconf 77' lang='lat' dir='ltr'><strong>privatis</strong></span> <span class='ocrx_word' id='word_1_334' title='bbox 281 3652 403 3704; x_wconf 85' lang='lat' dir='ltr'><strong>tanturn</strong></span> <span class='ocrx_word' id='word_1_335' title='bbox 425 3642 546 3717; x_wconf 88' lang='lat' dir='ltr'><strong>causis,</strong></span> <span class='ocrx_word' id='word_1_336' title='bbox 568 3642 680 3705; x_wconf 89' lang='lat' dir='ltr'><strong>sedin</strong></span> <span class='ocrx_word' id='word_1_337' title='bbox 704 3639 843 3722; x_wconf 86' lang='lat' dir='ltr'><strong>publicis</strong></span> <span class='ocrx_word' id='word_1_338' title='bbox 863 3640 956 3706; x_wconf 82' lang='lat' dir='ltr'><strong>etiarn</strong></span> <span class='ocrx_word' id='word_1_339' title='bbox 980 3654 1011 3706; x_wconf 92' lang='lat' dir='ltr'><strong>et</strong></span> <span class='ocrx_word' id='word_1_340' title='bbox 1027 3640 1140 3724; x_wconf 88' lang='lat' dir='ltr'><strong>populi</strong></span> <span class='ocrx_word' id='word_1_341' title='bbox 1156 3639 1280 3703; x_wconf 77' lang='lat' dir='ltr'><strong>iradiciis</strong></span> <span class='ocrx_word' id='word_1_342' title='bbox 1298 3654 1458 3705; x_wconf 84' lang='lat' dir='ltr'><strong>servatum</strong></span> 
     </span>
     <span class='ocr_line' id='line_1_36' title="bbox 117 3735 1460 3820; baseline -0.003 -17"><span class='ocrx_word' id='word_1_343' title='bbox 117 3739 221 3803; x_wconf 81' lang='lat' dir='ltr'><strong>luisse</strong></span> <span class='ocrx_word' id='word_1_344' title='bbox 243 3746 380 3800; x_wconf 90' lang='lat' dir='ltr'><strong>testatur</strong></span> <span class='ocrx_word' id='word_1_345' title='bbox 399 3735 518 3801; x_wconf 89' lang='lat' dir='ltr'><strong>Cicero</strong></span> <span class='ocrx_word' id='word_1_346' title='bbox 543 3736 690 3801; x_wconf 83' lang='lat' dir='ltr'><strong>oratione</strong></span> <span class='ocrx_word' id='word_1_347' title='bbox 713 3755 775 3817; x_wconf 89' lang='lat' dir='ltr'><strong>pro</strong></span> <span class='ocrx_word' id='word_1_348' title='bbox 794 3736 891 3801; x_wconf 88' lang='lat' dir='ltr'><strong>domo</strong></span> <span class='ocrx_word' id='word_1_349' title='bbox 914 3757 989 3800; x_wconf 79' lang='lat' dir='ltr'><strong>sua:</strong></span> <span class='ocrx_word' id='word_1_350' title='bbox 1013 3735 1171 3820; x_wconf 78' lang='lat' dir='ltr'><strong>Denique</strong></span> <span class='ocrx_word' id='word_1_351' title='bbox 1192 3735 1313 3812; x_wconf 79' lang='lat' dir='ltr'><strong>etiarn,</strong></span> <span class='ocrx_word' id='word_1_352' title='bbox 1338 3736 1460 3820; x_wconf 76' lang='lat' dir='ltr'><strong>siqua</strong></span> 
     </span>
     <span class='ocr_line' id='line_1_37' title="bbox 117 3829 1459 3914; baseline -0.004 -16"><span class='ocrx_word' id='word_1_353' title='bbox 117 3856 175 3898; x_wconf 86' lang='lat' dir='ltr'><strong>res</strong></span> <span class='ocrx_word' id='word_1_354' title='bbox 197 3833 301 3896; x_wconf 90' lang='lat' dir='ltr'><strong>illum</strong></span> <span class='ocrx_word' id='word_1_355' title='bbox 322 3831 414 3894; x_wconf 83' lang='lat' dir='ltr'><strong>diem</strong></span> <span class='ocrx_word' id='word_1_356' title='bbox 435 3832 513 3914; x_wconf 88' lang='lat' dir='ltr'><strong>(quo</strong></span> <span class='ocrx_word' id='word_1_357' title='bbox 534 3829 683 3895; x_wconf 86' lang='lat' dir='ltr'><strong>indicium</strong></span> <span class='ocrx_word' id='word_1_358' title='bbox 705 3832 744 3892; x_wconf 91' lang='lat' dir='ltr'><strong>de</strong></span> <span class='ocrx_word' id='word_1_359' title='bbox 765 3829 869 3911; x_wconf 87' lang='lat' dir='ltr'><strong>capite</strong></span> <span class='ocrx_word' id='word_1_360' title='bbox 892 3831 1022 3894; x_wconf 89' lang='lat' dir='ltr'><strong>alicuius</strong></span> <span class='ocrx_word' id='word_1_361' title='bbox 1040 3830 1112 3894; x_wconf 87' lang='lat' dir='ltr'><strong>lieri</strong></span> <span class='ocrx_word' id='word_1_362' title='bbox 1130 3832 1238 3909; x_wconf 90' lang='lat' dir='ltr'><strong>debet)</strong></span> <span class='ocrx_word' id='word_1_363' title='bbox 1261 3841 1323 3892; x_wconf 90' lang='lat' dir='ltr'><strong>aut</strong></span> <span class='ocrx_word' id='word_1_364' title='bbox 1340 3830 1459 3913; x_wconf 83' lang='lat' dir='ltr'><strong>auspi-</strong></span> 
     </span>
     <span class='ocr_line' id='line_1_38' title="bbox 117 3916 1458 4010; baseline -0.004 -17"><span class='ocrx_word' id='word_1_365' title='bbox 117 3916 183 3993; x_wconf 76' lang='lat' dir='ltr'><strong>ciis</strong></span> <span class='ocrx_word' id='word_1_366' title='bbox 205 3938 271 3989; x_wconf 88' lang='lat' dir='ltr'><strong>aut</strong></span> <span class='ocrx_word' id='word_1_367' title='bbox 291 3925 518 3989; x_wconf 79' lang='lat' dir='ltr'><strong>excusatione</strong></span> <span class='ocrx_word' id='word_1_368' title='bbox 537 3923 697 4001; x_wconf 85' lang='lat' dir='ltr'><strong>sustulit,</strong></span> <span class='ocrx_word' id='word_1_369' title='bbox 721 3934 796 3987; x_wconf 89' lang='lat' dir='ltr'><strong>tota</strong></span> <span class='ocrx_word' id='word_1_370' title='bbox 816 3944 925 3987; x_wconf 71' lang='lat' dir='ltr'><strong>carisa</strong></span> <span class='ocrx_word' id='word_1_371' title='bbox 945 3924 1176 4010; x_wconf 80' lang='lat' dir='ltr'><strong>iudiciumque</strong></span> <span class='ocrx_word' id='word_1_372' title='bbox 1197 3924 1371 3989; x_wconf 86' lang='lat' dir='ltr'><strong>sublatum</strong></span> <span class='ocrx_word' id='word_1_373' title='bbox 1391 3936 1458 3989; x_wconf 86' lang='lat' dir='ltr'><strong>est.</strong></span> 
     </span>
     <span class='ocr_line' id='line_1_39' title="bbox 119 4018 1456 4097; baseline -0.004 -10"><span class='ocrx_word' id='word_1_374' title='bbox 119 4018 302 4087; x_wconf 78' lang='lat' dir='ltr'><strong>Excusatio</strong></span> <span class='ocrx_word' id='word_1_375' title='bbox 325 4031 429 4083; x_wconf 88' lang='lat' dir='ltr'><strong>autem</strong></span> <span class='ocrx_word' id='word_1_376' title='bbox 452 4020 505 4082; x_wconf 86' lang='lat' dir='ltr'><strong>vel</strong></span> <span class='ocrx_word' id='word_1_377' title='bbox 527 4036 568 4081; x_wconf 83' lang='lat' dir='ltr'><strong>ex</strong></span> <span class='ocrx_word' id='word_1_378' title='bbox 589 4019 708 4083; x_wconf 87' lang='lat' dir='ltr'><strong>morbo</strong></span> <span class='ocrx_word' id='word_1_379' title='bbox 726 4019 970 4093; x_wconf 85' lang='lat' dir='ltr'><strong>desumebatur,</strong></span> <span class='ocrx_word' id='word_1_380' title='bbox 995 4021 1046 4083; x_wconf 83' lang='lat' dir='ltr'><strong>rel</strong></span> <span class='ocrx_word' id='word_1_381' title='bbox 1068 4041 1109 4083; x_wconf 84' lang='lat' dir='ltr'><strong>ex</strong></span> <span class='ocrx_word' id='word_1_382' title='bbox 1130 4021 1244 4085; x_wconf 87' lang='lat' dir='ltr'><strong>sunere</strong></span> <span class='ocrx_word' id='word_1_383' title='bbox 1267 4018 1456 4097; x_wconf 87' lang='lat' dir='ltr'><strong>domestico,</strong></span> 
     </span>
     <span class='ocr_line' id='line_1_40' title="bbox 118 4110 1529 4196; baseline -0.002 -14"><span class='ocrx_word' id='word_1_384' title='bbox 118 4130 155 4182; x_wconf 87' lang='lat' dir='ltr'><strong>ut</strong></span> <span class='ocrx_word' id='word_1_385' title='bbox 172 4115 324 4180; x_wconf 88' lang='lat' dir='ltr'><strong>innuitur</strong></span> <span class='ocrx_word' id='word_1_386' title='bbox 339 4114 370 4176; x_wconf 90' lang='lat' dir='ltr'><strong>in</strong></span> <span class='ocrx_word' id='word_1_387' title='bbox 384 4135 424 4177; x_wconf 91' lang='lat' dir='ltr'><strong>ea</strong></span> <span class='ocrx_word' id='word_1_388' title='bbox 438 4134 501 4196; x_wconf 89' lang='lat' dir='ltr'><strong>pro</strong></span> <span class='ocrx_word' id='word_1_389' title='bbox 516 4112 653 4177; x_wconf 82' lang='lat' dir='ltr'><strong>Rabirio</strong></span> <span class='ocrx_word' id='word_1_390' title='bbox 672 4111 902 4195; x_wconf 88' lang='lat' dir='ltr'><strong>perduellionis</strong></span> <span class='ocrx_word' id='word_1_391' title='bbox 924 4133 996 4178; x_wconf 90' lang='lat' dir='ltr'><strong>reo.</strong></span> <span class='ocrx_word' id='word_1_392' title='bbox 1041 4114 1113 4177; x_wconf 82' lang='lat' dir='ltr'><strong>Hac</strong></span> <span class='ocrx_word' id='word_1_393' title='bbox 1128 4114 1234 4179; x_wconf 89' lang='lat' dir='ltr'><strong>morbi</strong></span> <span class='ocrx_word' id='word_1_394' title='bbox 1249 4110 1457 4177; x_wconf 79' lang='lat' dir='ltr'><strong>excusatione</strong></span> <span class='ocrx_word' id='word_1_395' title='bbox 1527 4175 1529 4179; x_wconf 86' lang='grc'><em>,</em></span> 
     </span>
     <span class='ocr_line' id='line_1_41' title="bbox 115 4207 1458 4293; baseline -0.006 -14"><span class='ocrx_word' id='word_1_396' title='bbox 115 4236 157 4279; x_wconf 85' lang='lat' dir='ltr'><strong>ne</strong></span> <span class='ocrx_word' id='word_1_397' title='bbox 180 4210 232 4275; x_wconf 86' lang='lat' dir='ltr'><strong>uti</strong></span> <span class='ocrx_word' id='word_1_398' title='bbox 254 4221 388 4293; x_wconf 81' lang='lat' dir='ltr'><strong>possent</strong></span> <span class='ocrx_word' id='word_1_399' title='bbox 409 4208 549 4273; x_wconf 85' lang='lat' dir='ltr'><strong>accusati</strong></span> <span class='ocrx_word' id='word_1_400' title='bbox 569 4210 608 4271; x_wconf 88' lang='lat' dir='ltr'><strong>de</strong></span> <span class='ocrx_word' id='word_1_401' title='bbox 630 4207 766 4284; x_wconf 84' lang='lat' dir='ltr'><strong>ambitu,</strong></span> <span class='ocrx_word' id='word_1_402' title='bbox 791 4208 862 4291; x_wconf 78' lang='lat' dir='ltr'><strong>lege</strong></span> <span class='ocrx_word' id='word_1_403' title='bbox 878 4207 984 4273; x_wconf 82' lang='lat' dir='ltr'><strong>Tullia</strong></span> <span class='ocrx_word' id='word_1_404' title='bbox 999 4221 1124 4271; x_wconf 85' lang='lat' dir='ltr'><strong>cnutum</strong></span> <span class='ocrx_word' id='word_1_405' title='bbox 1143 4221 1210 4275; x_wconf 89' lang='lat' dir='ltr'><strong>est:</strong></span> <span class='ocrx_word' id='word_1_406' title='bbox 1234 4220 1269 4273; x_wconf 90' lang='lat' dir='ltr'><strong>nt</strong></span> <span class='ocrx_word' id='word_1_407' title='bbox 1286 4230 1348 4292; x_wconf 92' lang='lat' dir='ltr'><strong>pro</strong></span> <span class='ocrx_word' id='word_1_408' title='bbox 1369 4210 1458 4272; x_wconf 81' lang='lat' dir='ltr'><strong>darn·</strong></span> 
     </span>
     <span class='ocr_line' id='line_1_42' title="bbox 116 4303 1458 4389; baseline -0.004 -16"><span class='ocrx_word' id='word_1_409' title='bbox 116 4308 201 4373; x_wconf 87' lang='lat' dir='ltr'><strong>natis</strong></span> <span class='ocrx_word' id='word_1_410' title='bbox 225 4307 435 4378; x_wconf 85' lang='lat' dir='ltr'><strong>haberentur,</strong></span> <span class='ocrx_word' id='word_1_411' title='bbox 460 4303 516 4387; x_wconf 83' lang='lat' dir='ltr'><strong>qni</strong></span> <span class='ocrx_word' id='word_1_412' title='bbox 537 4324 605 4366; x_wconf 89' lang='lat' dir='ltr'><strong>eam</strong></span> <span class='ocrx_word' id='word_1_413' title='bbox 622 4303 867 4384; x_wconf 85' lang='lat' dir='ltr'><strong>praetendentes</strong></span> <span class='ocrx_word' id='word_1_414' title='bbox 883 4322 1007 4367; x_wconf 85' lang='lat' dir='ltr'><strong>causam</strong></span> <span class='ocrx_word' id='word_1_415' title='bbox 1028 4303 1134 4368; x_wconf 79' lang='lat' dir='ltr'><strong>iradicii</strong></span> <span class='ocrx_word' id='word_1_416' title='bbox 1158 4304 1339 4369; x_wconf 88' lang='lat' dir='ltr'><strong>dilationem</strong></span> <span class='ocrx_word' id='word_1_417' title='bbox 1359 4325 1458 4389; x_wconf 87' lang='lat' dir='ltr'><strong>quae-</strong></span> 
     </span>
     <span class='ocr_line' id='line_1_43' title="bbox 114 4396 1458 4483; baseline -0.004 -15"><span class='ocrx_word' id='word_1_418' title='bbox 114 4411 249 4476; x_wconf 87' lang='lat' dir='ltr'><strong>rerent,</strong></span> <span class='ocrx_word' id='word_1_419' title='bbox 284 4402 388 4463; x_wconf 90' lang='lat' dir='ltr'><strong>donec</strong></span> <span class='ocrx_word' id='word_1_420' title='bbox 416 4398 544 4462; x_wconf 81' lang='lat' dir='ltr'><strong>instandi</strong></span> <span class='ocrx_word' id='word_1_421' title='bbox 573 4398 780 4483; x_wconf 84' lang='lat' dir='ltr'><strong>magistratus</strong></span> <span class='ocrx_word' id='word_1_422' title='bbox 810 4396 878 4460; x_wconf 88' lang='lat' dir='ltr'><strong>dies</strong></span> <span class='ocrx_word' id='word_1_423' title='bbox 909 4400 1107 4462; x_wconf 88' lang='lat' dir='ltr'><strong>adventaret.</strong></span> <span class='ocrx_word' id='word_1_424' title='bbox 1153 4398 1263 4477; x_wconf 81' lang='lat' dir='ltr'><strong>Qarare</strong></span> <span class='ocrx_word' id='word_1_425' title='bbox 1292 4399 1323 4462; x_wconf 93' lang='lat' dir='ltr'><strong>in</strong></span> <span class='ocrx_word' id='word_1_426' title='bbox 1357 4420 1458 4480; x_wconf 87' lang='lat' dir='ltr'><strong>pero·</strong></span> 
     </span>
     <span class='ocr_line' id='line_1_44' title="bbox 114 4491 1456 4562; baseline -0.003 -2"><span class='ocrx_word' id='word_1_427' title='bbox 114 4497 246 4561; x_wconf 81' lang='lat' dir='ltr'><strong>ratione</strong></span> <span class='ocrx_word' id='word_1_428' title='bbox 269 4515 333 4557; x_wconf 91' lang='lat' dir='ltr'><strong>non</strong></span> <span class='ocrx_word' id='word_1_429' title='bbox 356 4492 532 4556; x_wconf 85' lang='lat' dir='ltr'><strong>dissimulat</strong></span> <span class='ocrx_word' id='word_1_430' title='bbox 560 4491 700 4562; x_wconf 85' lang='lat' dir='ltr'><strong>Cicero,</strong></span> <span class='ocrx_word' id='word_1_431' title='bbox 732 4492 902 4554; x_wconf 89' lang='lat' dir='ltr'><strong>Murenam</strong></span> <span class='ocrx_word' id='word_1_432' title='bbox 930 4494 1009 4557; x_wconf 85' lang='lat' dir='ltr'><strong>male</strong></span> <span class='ocrx_word' id='word_1_433' title='bbox 1031 4492 1189 4555; x_wconf 81' lang='lat' dir='ltr'><strong>valentem</strong></span> <span class='ocrx_word' id='word_1_434' title='bbox 1216 4493 1323 4556; x_wconf 86' lang='lat' dir='ltr'><strong>dicere</strong></span> <span class='ocrx_word' id='word_1_435' title='bbox 1350 4505 1456 4556; x_wconf 88' lang='lat' dir='ltr'><strong>tamen</strong></span> 
     </span>
     <span class='ocr_line' id='line_1_45' title="bbox 114 4584 1456 4670; baseline -0.007 -13"><span class='ocrx_word' id='word_1_436' title='bbox 114 4612 245 4657; x_wconf 79' lang='lat' dir='ltr'><strong>cansam</strong></span> <span class='ocrx_word' id='word_1_437' title='bbox 268 4600 414 4652; x_wconf 88' lang='lat' dir='ltr'><strong>coactum</strong></span> <span class='ocrx_word' id='word_1_438' title='bbox 437 4586 536 4651; x_wconf 88' lang='lat' dir='ltr'><strong>luisse</strong></span> <span class='ocrx_word' id='word_1_439' title='bbox 554 4587 588 4649; x_wconf 81' lang='lat' dir='ltr'><strong>ri</strong></span> <span class='ocrx_word' id='word_1_440' title='bbox 608 4606 713 4651; x_wconf 86' lang='lat' dir='ltr'><strong>norae</strong></span> <span class='ocrx_word' id='word_1_441' title='bbox 734 4584 833 4670; x_wconf 88' lang='lat' dir='ltr'><strong>legis:</strong></span> <span class='ocrx_word' id='word_1_442' title='bbox 857 4586 1024 4661; x_wconf 78' lang='lat' dir='ltr'><strong>obsecro,</strong></span> <span class='ocrx_word' id='word_1_443' title='bbox 1048 4584 1196 4661; x_wconf 85' lang='lat' dir='ltr'><strong>iudices,</strong></span> <span class='ocrx_word' id='word_1_444' title='bbox 1221 4597 1261 4649; x_wconf 90' lang='lat' dir='ltr'><strong>ut</strong></span> <span class='ocrx_word' id='word_1_445' title='bbox 1282 4608 1324 4648; x_wconf 89' lang='lat' dir='ltr'><strong>ne</strong></span> <span class='ocrx_word' id='word_1_446' title='bbox 1346 4586 1456 4649; x_wconf 85' lang='lat' dir='ltr'><strong>homi-</strong></span> 
     </span>
     <span class='ocr_line' id='line_1_46' title="bbox 115 4679 1455 4772; baseline -0.003 -25"><span class='ocrx_word' id='word_1_447' title='bbox 115 4687 172 4749; x_wconf 86' lang='lat' dir='ltr'><strong>nis</strong></span> <span class='ocrx_word' id='word_1_448' title='bbox 195 4685 316 4749; x_wconf 87' lang='lat' dir='ltr'><strong>miseri</strong></span> <span class='ocrx_word' id='word_1_449' title='bbox 338 4696 372 4747; x_wconf 87' lang='lat' dir='ltr'><strong>et</strong></span> <span class='ocrx_word' id='word_1_450' title='bbox 393 4705 472 4747; x_wconf 86' lang='lat' dir='ltr'><strong>cum</strong></span> <span class='ocrx_word' id='word_1_451' title='bbox 491 4683 651 4767; x_wconf 86' lang='lat' dir='ltr'><strong>corporis</strong></span> <span class='ocrx_word' id='word_1_452' title='bbox 674 4681 811 4756; x_wconf 88' lang='lat' dir='ltr'><strong>morbo,</strong></span> <span class='ocrx_word' id='word_1_453' title='bbox 841 4691 917 4744; x_wconf 88' lang='lat' dir='ltr'><strong>tum</strong></span> <span class='ocrx_word' id='word_1_454' title='bbox 938 4682 1047 4745; x_wconf 89' lang='lat' dir='ltr'><strong>animi</strong></span> <span class='ocrx_word' id='word_1_455' title='bbox 1068 4680 1188 4743; x_wconf 85' lang='lat' dir='ltr'><strong>dolore</strong></span> <span class='ocrx_word' id='word_1_456' title='bbox 1210 4679 1379 4772; x_wconf 67' lang='lat' dir='ltr'><strong>coaffecti,</strong></span> <span class='ocrx_word' id='word_1_457' title='bbox 1411 4684 1455 4744; x_wconf 87' lang='lat' dir='ltr'><strong>L.</strong></span> 
     </span>
     <span class='ocr_line' id='line_1_47' title="bbox 116 4772 1345 4867; baseline -0.005 -19"><span class='ocrx_word' id='word_1_458' title='bbox 116 4784 294 4848; x_wconf 77' lang='lat' dir='ltr'><strong>Muraenae</strong></span> <span class='ocrx_word' id='word_1_459' title='bbox 316 4791 488 4845; x_wconf 85' lang='lat' dir='ltr'><strong>recentem</strong></span> <span class='ocrx_word' id='word_1_460' title='bbox 508 4776 780 4867; x_wconf 83' lang='lat' dir='ltr'><strong>gratulationem</strong></span> <span class='ocrx_word' id='word_1_461' title='bbox 801 4797 891 4841; x_wconf 84' lang='lat' dir='ltr'><strong>nono</strong></span> <span class='ocrx_word' id='word_1_462' title='bbox 909 4772 1155 4841; x_wconf 77' lang='lat' dir='ltr'><strong>lamentationi</strong></span> <span class='ocrx_word' id='word_1_463' title='bbox 1176 4775 1345 4842; x_wconf 86' lang='lat' dir='ltr'><strong>obruatis.</strong></span> 
     </span>
    </p>
   </div>
   <div class='ocr_carea' id='block_1_3' title="bbox 0 0 1612 5586">
    <p class='ocr_par' dir='ltr' id='par_1_4' title="bbox 0 0 1612 5586">
     <span class='ocr_line' id='line_1_48' title="bbox 0 0 1612 5586; baseline 0 0"><span class='ocrx_word' id='word_1_464' title='bbox 0 0 1612 5586; x_wconf 95' lang='lat' dir='ltr'><strong> </strong></span> 
     </span>
    </p>
   </div>
  </div>
 </body>
</html>
