3214 5586
121 312 186 437 aar
312 454 314 465 1
440 458 447 472 Δ
608 373 760 439 tunax
780 374 965 439 aarum.

123 508 260 581 ἐδύνατο
282 518 496 607 πραχθῆναι,
517 517 722 601 γινομένου)
743 520 799 581 καὶ
819 511 898 622 cuiq
916 509 1045 622 φόρους
1067 509 1106 581 οὐ
1127 506 1252 581 πολΙι”
1232 538 1369 604 novenos
1389 518 1456 583 διὲ-

122 613 200 676 λυοι
219 605 427 697 ὃὴμαρχος’
410 632 535 697 ιιερος.
556 617 612 676 καὶ
634 604 652 675 ὁ
675 610 778 692 ὃῇιιος
801 602 981 698 ἀθρόοις
963 605 1119 677 audurus
1140 607 1353 690 ἐξεπεπτώκει.

210 704 346 770 Cautum
369 717 418 768 est
437 706 532 767 etiam
555 726 591 768 ea
616 703 688 789 lege
711 707 751 767 de
774 702 898 784 pascuis
921 703 1083 777 nonnihil,
1108 716 1143 766 ut
1164 704 1319 788 colligere
1342 706 1456 769 lucete

124 798 198 865 Cic.
222 802 260 862 de
284 802 386 865 Orat.
403 800 453 864 11.
477 802 531 863 ΙΙ).
576 797 655 863 Eius
678 801 742 862 diro
763 797 972 884 fragmenta
964 798 1099 939 insignis
1123 799 1219 862 edidit
1242 796 1393 885 Sigonius
1415 803 1457 863 de

122 893 412 957 66666611.
438 895 520 959 οἳ
555 895 640 957 Ean.
1459 926 1463 939 ·

208 990 262 1051 Ex
285 988 437 1069 Appiano
463 1000 598 1071 apparet
621 990 700 1049 hanc
722 987 831 1070 potius
855 988 1008 1052 Thorius
1031 928 1113 1073 legis
1138 986 1324 1051 seutentiam
1346 988 1457 1064 finisse,

122 1104 161 1146 ne
184 1104 226 1145 ex
250 1083 322 1165 lege
344 1084 533 1164 Sempronia
557 1082 777 1145 dividerentur
800 1082 934 1163 amplius
959 1082 1029 1161 agri
1051 1081 1188 1188 publici,
1212 1085 1268 1147 sed
1291 1102 1462 1163 possesso-

122 1177 212 1240 ribus
234 1178 524 1261 relinquerentur
516 1199 547 1239 m
571 1189 734 1258 posterum
757 1177 817 1238 sub
840 1176 1008 1261 vectigalis
1032 1177 1101 1238 sive
1125 1173 1234 1239 tributi
1256 1176 1457 1253 condicione,

121 1273 210 1355 quod
225 1292 288 1334 non
305 1270 336 1334 in
352 1273 508 1335 aerarium
526 1271 687 1353 publicum
713 1269 919 1353 redigendum
936 1282 1037 1344 esset,
1062 1273 1117 1335 sed
1138 1270 1224 1352 plebi
1245 1269 1456 1335 divideretur.

122 1364 275 1431 Ceterum
304 1364 491 1445 dignissima
516 1377 583 1441 est,
615 1386 697 1450 quae
725 1366 872 1449 legatur,
906 1365 1223 1450 Schweighaeuseri
1252 1366 1291 1427 ad
1314 1364 1456 1447 Appiani

123 1460 148 1524 1.
171 1461 195 1527 l.
219 1461 401 1524 adnotatioz

208 1553 402 1635 „Corrupte
426 1556 511 1637 apud
537 1554 721 1637 Appianum
748 1556 876 1618 Boriua
903 1553 1021 1633 legitur
1050 1574 1113 1637 pro
1137 1552 1323 1621 Thorium?
1355 1556 1454 1618 Hor·

120 1671 254 1713 manuus
277 1650 307 1711 in
331 1651 449 1734 Antip.
472 1654 573 1715 Rom.
598 1651 656 1712 lib.
681 1650 709 1713 1.
736 1651 825 1732 Opp.
851 1652 894 1714 Τ.
919 1651 986 1713 ltl.
1009 1672 1041 1733 p.
1064 1651 1138 1712 236.
1184 1646 1284 1714 Conf.
1301 1648 1453 1731 Pighium

120 1744 240 1808 Anasi.
265 1746 307 1807 Τ.
332 1745 398 1807 lii.
423 1766 457 1825 p.
483 1744 543 1807 136
566 1765 636 1827 seq.
683 1744 850 1827 Sigonium
874 1746 912 1806 de
935 1756 999 1810 ant.
1025 1745 1095 1808 lor.
1118 1744 1194 1807 lut.
1217 1743 1276 1807 lib.
1301 1743 1349 1806 ll.
1373 1764 1403 1804 c.
1423 1743 1456 1809 2.

121 1837 373 1902 Freinshemium
397 1839 513 1921 Suppi.
539 1838 615 1901 Lir.
639 1839 736 1902 LXI.
767 1838 820 1901 37.
866 1838 1046 1900 Ernestium
1075 1839 1108 1901 in
1131 1839 1202 1901 lind.
1234 1840 1358 1923 Legum
1389 1847 1455 1899 art.

120 1936 198 1996 Lex
220 1934 365 1996 Thoria.
391 1935 573 1998 obsecutus
604 1955 672 1995 sum
701 1943 750 1994 tot
781 1953 818 1993 ac
848 1932 925 1995 tanti
952 1931 1087 1995 noruinis
1114 1935 1281 1996 doctorum
1311 1931 1455 1995 virorum

120 2028 321 2102 auctoritati,
350 2022 501 2112 Θόριος
522 2048 583 2107 pro
607 2022 763 2114 Βὸριος
783 2025 963 2089 rescribere
985 2026 1176 2102 iubentium;
1202 2014 1273 2088 tt'cer
1289 2025 1362 2087 mihi
1384 2023 1458 2107 qui-

120 2124 208 2195 dem,
232 2143 342 2183 verram
360 2134 392 2182 ut
412 2122 529 2196 iatear,
555 2119 723 2185 Ciceronis
745 2123 784 2183 de
808 2122 933 2206 Thoria
954 2120 1025 2205 lege
1051 2124 1150 2184 verba
1172 2122 1203 2185 in
1226 2122 1379 2183 Brutoc.
1399 2118 1457 2181 36.

121 2232 191 2281 cum
214 2215 628 2299 argrrmeutohuiusicgis,
653 2238 747 2298 quam
772 2197 996 2297 Appiauusb.
1019 2215 1043 2278 Ι.
1067 2226 1316 2287 commeruerat,
1342 2212 1455 2276 conse·

120 2310 203 2375 renti
227 2310 368 2373 nonnihit
393 2310 599 2373 dubitationis
622 2320 824 2409 superesset,
857 2330 961 2391 neque
983 2311 1108 2416 penitus
1130 2308 1336 2372 satisfecisset
1356 2307 1454 2382 ratio,

120 2426 183 2490 qua
206 2405 370 2471 conciliari
391 2426 462 2467 cum
489 2404 649 2467 Cicerone
676 2390 858 2485 Appianum
881 2426 977 2486 posse
1003 2405 1104 2466 visum
1127 2416 1195 2467 erat
1218 2402 1338 2474 doctis,
1371 2421 1456 2506 quos

119 2500 203 2572 dixi,
241 2497 330 2561 viris.
375 2498 453 2560 Vidi
481 2497 626 2561 deinde
618 2519 649 2560 ιιι
678 2497 805 2561 diversa
831 2501 870 2559 ab
895 2497 942 2560 his
973 2497 1060 2562 abire
1085 2499 1159 2561 tou.
1187 2497 1361 2568 Rosinum,
1398 2493 1457 2578 qui

120 2592 234 2678 Antiq.
259 2595 355 2657 Rom.
378 2592 434 2655 tin.
458 2590 561 2655 Vltl.
586 2615 616 2654 c.
642 2595 690 2657 tn.
714 2592 816 2674 legem
838 2592 992 2655 Thorium
1016 2595 1056 2653 ab
1079 2614 1133 2666 na,
1158 2613 1241 2675 quae
1263 2591 1347 2671 apud
1370 2588 1455 2651 scri-

117 2700 245 2769 ptorem
277 2700 421 2750 nostrum
445 2687 573 2768 Spurio
596 2686 703 2749 Borio
725 2686 892 2759 tribuitur,
925 2686 1019 2768 piane
1049 2686 1205 2748 diversam
1231 2684 1353 2748 statuit.
1401 2683 1454 2746 Ac

119 2802 195 2845 sane
217 2780 356 2854 Cicero,
380 2802 450 2842 cum
473 2780 493 2845 Ι,
515 2801 546 2841 6.
570 2784 631 2862 Sp.
649 2781 819 2845 Thorium
835 2780 877 2841 ait
889 2780 1087 2863 pernicioso
1103 2783 1178 2864 lege
1193 2800 1321 2863 agrum
1339 2778 1453 2860 publi·

119 2898 199 2938 cum
220 2875 426 2959 vectigali
446 2875 626 2949 levasse,
663 2874 788 2935 videtur
816 2873 919 2957 legem
948 2875 1055 2936 dicere
1083 2868 1146 2937 uon
1171 2876 1267 2936 modo
1290 2872 1450 2934 diversam

119 2972 160 3033 ab
182 2972 258 3045 hac,
283 2989 363 3052 quae
380 2968 531 3050 Appiano
550 2968 603 3030 hic
623 2980 836 3041 memoratur,
860 2970 916 3030 sed
934 2969 1025 3031 etiam
1041 2991 1082 3030 ex
1101 2972 1238 3031 adverso
1258 2965 1331 3028 huic
1346 2986 1453 3046 oppo-

119 3065 229 3138 sitam,
265 3075 359 3146 atque
382 3067 464 3127 adeo
488 3084 553 3124 eam
584 3062 705 3143 ipsam,
741 3062 828 3125 cuius
857 3064 966 3144 pauiio
990 3062 1123 3125 inferius
1149 3063 1298 3141 Scriptor
1327 3071 1450 3133 noster,

118 3160 217 3221 tacito
237 3158 354 3223 tribuni
370 3157 513 3233 nornine,
539 3157 593 3239 qui
609 3179 677 3220 earn
696 3170 889 3241 rogaverat,
914 3157 962 3219 his
980 3158 1089 3221 vorbis
1105 3155 1261 3230 meminit,
1287 3151 1453 3230 καὶτοὺς

119 3250 279 3340 φόρους
301 3248 339 3318 οὐ
359 3250 443 3316 πολὺ
462 3243 615 3338 ’ὕστερον
624 3254 786 3318 διέλυσε
808 3248 977 3341 ὃιίιαρχος
991 3255 1108 3337 ἔτερος.
1152 3249 1276 3355 Quodsi
1294 3271 1373 3312 vern
1390 3250 1454 3311 hoc

117 3348 238 3430 ipsum,
264 3357 345 3408 teste
362 3344 520 3410 Cicerone
535 3358 566 3408 ct
582 3357 661 3409 teste
677 3345 805 3429 antiqua
830 3346 880 3409 itta
901 3367 997 3409 aenea
1019 3346 1144 3419 tabula,
1168 3346 1258 3407 cuius
1273 3342 1453 3428 fragmenta

120 3440 320 3537 Sigoniusi.
346 3460 375 3501 c.
400 3439 562 3514 exhibuit,
593 3452 640 3502 est
664 3440 816 3503 Thorius
838 3440 916 3523 tegis
939 3452 1177 3524 argumentatum
1207 3436 1329 3500 erroris
1353 3456 1453 3519 argu-

119 3541 218 3599 endus
241 3522 327 3600 Ιοι6ι
349 3533 534 3616 Appianus,
559 3534 585 3596 si
608 3534 747 3613 priorem
769 3534 853 3597 iilam
874 3538 997 3619 legem,
1023 3536 1112 3597 cuius
1135 3532 1330 3597 contrarium
1356 3551 1454 3609 argu·

119 3643 263 3695 mentum
285 3641 370 3704 erat,
408 3628 540 3691 Thoria
566 3628 741 3692 tribuisset.
786 3629 854 3693 Iam
879 3651 1050 3692 varocum
1074 3629 1236 3701 Borium,
1269 3647 1333 3688 non
1362 3628 1451 3688 'lho-

118 3726 228 3800 rium,
264 3723 383 3813 prioris
413 3722 495 3808 legis
524 3734 687 3785 auctorem
716 3724 910 3805 exerrrptaria
943 3723 1047 3788 omnia
1079 3721 1220 3803 Appiani
1253 3732 1449 3805 agnoscant3

118 3832 247 3906 potest,
278 3820 401 3895 fateor,
432 3830 462 3880 et
488 3818 673 3900 ceteroquin
700 3829 818 3880 temere
840 3820 957 3881 iactum
984 3818 1099 3892 videri,
1128 3828 1160 3879 et
1184 3816 1214 3878 in
1235 3816 1336 3896 ipsum
1360 3814 1449 3877 Scri·
1533 3846 1538 3861 =

118 3925 409 3999 ptorern²uostrum
431 3910 602 3987 iniuriose,
627 3915 714 3994 quod
737 3913 765 3974 ei
784 3924 894 3975 contra
916 3913 1070 3973 librorum
1090 3910 1227 3972 omnium
1249 3909 1340 3969 iidem
1363 3907 1449 3970 cius·

119 4012 204 4073 modi
226 4007 384 4087 scriptura
407 4007 621 4080 obtrudatur,
656 4027 738 4088 quae
767 4027 836 4079 cum
865 4005 1033 4066 manifesto
1057 4007 1288 4087 propemodum
1312 4023 1445 4077 errore,
1527 4046 1532 4055 ·

119 4125 183 4168 nou
209 4100 431 4174 librariorum,
467 4101 522 4161 scd
548 4100 646 4181 ipsius
673 4098 868 4180 scriptoris,
904 4100 1071 4162 coniuncta
1099 4120 1168 4160 esse
1201 4097 1356 4163 videatur.
1413 4100 1449 4161 ln

118 4220 213 4281 quam
246 4194 429 4259 sententiam
458 4193 602 4278 graviter
629 4205 660 4255 et
685 4196 808 4256 erudite
841 4192 1012 4274 disputavit
1046 4194 1162 4256 Alex.
1198 4192 1449 4273 Symmachus

119 4289 380 4364 Menochius,
415 4287 447 4351 in
471 4288 768 4352 dommartinum
794 4287 943 4349 Tabulas
966 4290 1211 4351 Heracleenses
1233 4309 1268 4368 p.
1293 4286 1355 4348 316
1377 4307 1448 4369 seq.

119 4406 182 4448 nou
206 4385 411 4445 dubitandum
435 4381 635 4455 existimans,
666 4380 881 4462 posteriorem
905 4382 993 4443 istam
1017 4382 1137 4465 legem,
1168 4384 1288 4464 absque
1308 4380 1450 4443 auctoris

120 4479 246 4541 nomine
275 4476 424 4557 deinceps
454 4479 494 4537 ab
524 4477 674 4557 Appiano
705 4488 1005 4548 commemoratam,
1039 4476 1138 4557 ipsam
1164 4475 1332 4539 Thorium
1361 4495 1447 4550 esse,

119 4575 264 4653 adeoque
286 4566 445 4634 immerito
467 4581 501 4661 et
514 4570 697 4651 importune
717 4591 733 4631 a
751 4566 952 4633 viriOdoctis
971 4569 1042 4644 hic,
1067 4570 1121 4631 ubi
1136 4572 1175 4632 de
1192 4569 1294 4651 priori
1314 4572 1449 4652 quadam
1572 4589 1576 4593 “

118 4668 191 4749 iege
216 4665 368 4728 contrarii
390 4666 569 4749 argumenti
592 4664 718 4748 agitur,
743 4663 867 4726 Thorii
880 4684 994 4726 nomen
1015 4664 1046 4725 in
1069 4664 1174 4726 locum
1196 4662 1296 4727 Βοιίἰ
1319 4663 1449 4726 obtrudi

119 4757 286 4841 Appiano.
331 4760 411 4834 Sed,
446 4756 599 4842 quidquid
620 4761 658 4819 de
681 4760 745 4819 hoc
769 4768 906 4832 statuas,
938 4757 1053 4842 quodsi
1077 4779 1118 4821 ex
1144 4756 1271 4823 Rosino
1296 4757 1348 4819 aci
1370 4758 1447 4820 Ma·

119 4854 237 4919 rachio
260 4874 410 4938 quaeras,
434 4854 577 4937 quisnam
599 4872 679 4935 ergo
699 4850 740 4914 ait
761 4846 936 4939 Σπούριος
956 4851 1009 4915 hic
1030 4853 1063 4917 Β
1071 4846 1210 4941 όριος,
1235 4853 1275 4915 ad
1296 4872 1389 4935 quern
1413 4852 1446 4916 in
1507 4864 1518 4875 ‘
