3214 5586
602 364 753 449 tubex
773 336 957 435 cneum.
1242 342 1244 349 '
1383 366 1444 433 rm

106 529 173 593 pro
196 506 328 574 Cluent.
351 507 412 584 55,
437 506 512 572 151.
535 500 577 555 ὲ-
599 505 678 589 „Illi
700 527 764 572 non
782 508 847 571 hoc
868 509 1136 585 recusabant,'ea
1157 530 1196 573 ne
1220 509 1294 595 lege
1316 529 1447 573 accusa-

106 614 240 678 rentur,
265 622 327 686 qua
349 623 434 665 nune
455 601 573 666 Avitus
596 613 783 678 accersatur,
814 623 896 685 quae
920 614 995 665 tune
1017 614 1086 667 erat
1108 603 1330 687 Sempronia,
1362 623 1447 666 natue

108 709 159 775 eat
174 696 351 771 Cornelia:
375 694 595 781 intelligebant
611 697 692 763 enim
716 717 752 761 ea
772 695 849 783 lege
870 708 1051 781 equestrem
1074 698 1219 767 ordinem
1241 718 1307 761 nou
1329 697 1444 776 teneri,
1513 702 1516 713 '

107 794 227 873 sedne
248 810 334 854 nova
356 789 436 875 lege¹
450 789 674 876 alligarentur,
697 791 923 869 laborabant.'’
957 812 1020 874 pro
1045 790 1180 877 Cluent.
1199 792 1260 869 56,
1286 792 1360 861 154.

195 886 288 951 Haec
314 884 367 949 lex
396 895 492 967 eaput
519 884 627 967 potius
657 884 738 970 legis
766 885 894 950 videtur
915 883 1014 953 fuisse
1039 885 1149 951 similis
1176 885 1206 951 ei
1230 886 1316 969 legi,
1351 907 1445 977 quam

108 991 224 1064 postea
253 980 301 1043 L.
323 976 498 1043 Cornelius
527 978 615 1045 Sulla
645 978 687 1043 de
713 978 853 1051 sicariis
873 988 908 1045 et
929 977 1093 1059 veuqftcis
1115 979 1217 1061 cuttu,
1246 976 1447 1053 Conferatur

107 1073 211 1159 igitur
234 1070 412 1139 Couurma
435 1074 574 1141 eiusdem
596 1072 792 1157 argumenti.

281 1292 478 1355 Seuerum
500 1289 543 1355 de
559 1288 751 1375 prouinciis
771 1290 1025 1357 sensatioribus.

196 1451 274 1532 „Tu
294 1448 479 1533 provincias
506 1450 711 1529 consulares,
743 1471 822 1536 quas
840 1452 880 1517 C.
903 1451 1098 1543 Gracchus,
1130 1448 1187 1537 qui
1208 1472 1288 1525 amau
1308 1412 1446 1531 maxime

106 1543 280 1631 poptdaris
298 1544 377 1622 tuit,
400 1564 466 1609 non
487 1546 585 1611 modo
608 1566 673 1610 non
693 1544 823 1611 abstulit
845 1566 863 1608 a
888 1556 1015 1622 senatu,
1041 1543 1234 1624 sedetiam,
1258 1557 1292 1613 ut
1315 1567 1447 1619 necesse
1553 1598 1564 1613 .

108 1653 195 1705 esset
214 1640 383 1723 quotannis
399 1640 550 1705 constitui
563 1661 624 1725 per
635 1651 798 1721 senatum,
822 1643 895 1728 lege
910 1640 1031 1705 sanxit:
1056 1659 1126 1717 eas,
1151 1641 1224 1727 lege
1239 1641 1447 1729 Sempronia

105 1755 171 1816 per
195 1745 338 1811 seratum
365 1735 528 1811 decretas,
562 1732 736 1812 rescidisti,
770 1746 861 1800 extra
889 1734 1033 1800 ordinem
1059 1733 1127 1801 siue
1149 1746 1239 1805 sorte
1261 1734 1446 1803 nominatim

105 1828 223 1893 dedisti
245 1849 309 1892 non
333 1825 518 1891 consulibus
540 1830 597 1891 sed
618 1828 665 1892 rei
686 1828 835 1909 publicae
858 1827 1037 1913 pestibus.”
1070 1849 1133 1912 pto
1156 1830 1253 1895 domo
1276 1829 1314 1907 9,
1339 1830 1393 1895 ll.

193 1924 307 1998 „Idem
330 1925 508 2002 (senatus),
532 1921 564 1985 in
588 1922 742 2008 augustiis
764 1923 896 1999 ae'rarii,
920 1922 1079 1987 victorem
1095 1922 1272 1991 exercitum
1287 1923 1456 2009 stipendio.

104 2017 234 2095 affecit,
259 2014 444 2099 imperatori
460 2013 517 2096 (C.
534 2013 680 2097 Caesari)
696 2020 804 2083 decem
820 2019 945 2103 legatos
962 2015 1126 2095 decrerit,
1151 2018 1224 2103 lege
1239 2021 1448 2105 Sempronio

102 2114 340 2181 succedendum
362 2133 426 2177 nnn
449 2111 607 2176 censuit.''
639 2133 701 2195 pro
725 2113 832 2181 Balbo
855 2114 915 2189 tt,
941 2112 994 2176 61.

194 2208 264 2282 „Et
285 2205 472 2288 stipendium
497 2203 629 2270 Caesari
652 2208 815 2270 decretum
837 2219 886 2270 est
908 2218 940 2271 et
961 2211 1070 2272 decem
1093 2206 1211 2291 legati,
1236 2221 1286 2285 et,
1310 2209 1446 2299 relege

105 2301 318 2388 Sempronia
338 2302 582 2378 succederetur,
605 2301 699 2366 tacite
720 2300 900 2384 perfectum
925 2302 1004 2371 est.’'
1038 2304 1079 2366 ad
1100 2303 1194 2367 Fam.
1218 2301 1248 2367 1.
1276 2306 1313 2380 t,
1340 2303 1393 2366 10.

191 2397 382 2478 „Quattuor
402 2406 475 2459 sunt
497 2393 701 2478 provinciae,
726 2395 768 2460 P.
792 2393 853 2472 C.‚
878 2397 916 2460 de
939 2394 1054 2480 quibus
1077 2398 1181 2463 adhuc
1200 2394 1349 2482 intelligo
1375 2417 1448 2463 sen·

107 2493 225 2575 tertias
240 2511 310 2555 esse
325 2489 438 2554 dictas.
452 2522 494 2536 -
507 2525 548 2537 -
570 2488 800 2556 Decernendae
816 2489 909 2554 nobis
924 2500 997 2559 sunt
1011 2490 1086 2575 lege
1100 2489 1308 2575 Sempronia
1327 2490 1445 2554 duae.''

109 2589 148 2650 de
171 2584 330 2652 Provinc.
352 2605 443 2648 cons.
468 2583 506 2660 2,
531 2584 562 2649 3.
622 2635 627 2644 .

194 2682 313 2766 „Lege
341 2680 546 2766 Sempronia
578 2678 768 2762 provinciae
801 2677 919 2744 futuris
949 2674 1138 2745 consulibus
1169 2678 1320 2747 Numidia
1349 2690 1446 2766 atque

112 2774 205 2839 Italia
225 2775 409 2839 decretae.’'
453 2775 571 2841 Salust.
595 2774 669 2859 lug.
691 2774 749 2849 27,
774 2772 806 2839 3.

199 2868 252 2931 Ex
270 2870 331 2933 bac
351 2869 423 2955 lege
442 2867 613 2954 quotannis
638 2890 655 2932 a
678 2880 789 2937 senatu
811 2880 883 2933 ante
900 2868 1029 2935 comitia
1045 2868 1226 2954 consularia
1242 2868 1446 2954 designandis

118 2962 294 3027 consulibus
324 2963 510 3051 prpvmciae
544 2964 797 3053 decernebantur
827 2967 908 3029 duas
936 2985 977 3027 ex
1008 2962 1093 3031 omni
1124 2983 1258 3031 numero
1288 2963 1444 3043 selectae,

116 3078 196 3142 quac
218 3069 389 3142 propterea
411 3061 612 3127 consulares
630 3057 731 3126 dictae
747 3070 833 3123 sunt.
878 3059 1134 3143 Relinquebatur
1150 3070 1253 3137 autem
1277 3058 1445 3125 consillum

113 3151 265 3228 arbitrio,
297 3165 332 3216 ut
361 3174 414 3217 eas
437 3151 877 3237 provinciasoeouparareu
902 3153 1041 3218 intense
1064 3164 1118 3218 aut
1140 3165 1228 3221 sorte
1252 3152 1444 3230 dividerent,

110 3256 285 3331 postquam
307 3259 434 3311 senatus
457 3246 633 3311 exercitum
656 3246 781 3331 aliaque
804 3247 894 3311 utilia
914 3236 976 3314 illis
998 3247 1206 3315 decrevisset.
1252 3246 1333 3311 Vid.
1359 3244 1447 3313 Cor·

110 3341 173 3404 tius
203 3342 244 3402 ad
267 3341 386 3405 Salust.
416 3342 440 3406 l.
468 3341 492 3407 l.
524 3353 555 3404 et
577 3343 622 3405 Α.
645 3340 785 3405 Wittich
812 3342 844 3406 in
876 3342 1145 3409 commentatione
1168 3345 1208 3407 de
1228 3339 1278 3406 rei
1299 3343 1447 3425 publicae

109 3435 280 3501 Romanae
296 3456 332 3499 ea
348 3435 471 3512 forma,
496 3457 559 3520 qua
576 3435 665 3499 Sulla
681 3445 781 3501 totam
799 3458 865 3500 rem
883 3438 1060 3505 Romanam
1076 3436 1300 3517 commutavit,
1316 3459 1352 3521 p.
1370 3439 1445 3505 176.

201 3634 206 3643 ’
281 3651 480 3717 scuranum
499 3650 542 3716 de
558 3652 741 3736 provincia
761 3650 862 3716 Asin.

197 3809 315 3893 „luter
331 3809 469 3877 Siciliam
484 3821 672 3897 ceterasque
686 3808 891 3894 provincias,
915 3808 1051 3888 iudices,
1073 3810 1106 3875 in
1126 3832 1280 3898 agrorum
1303 3813 1445 3900 vectiga-

104 3905 187 3978 lium
209 3904 335 3970 ratione
358 3907 423 3970 boe
443 3904 595 3983 interest,
620 3908 709 3990 quod
725 3902 839 3968 ceteris
861 3914 916 3967 aut
938 3903 1121 3987 impositum
1147 3907 1283 3992 vectigal
1308 3918 1358 3971 est
1377 3930 1447 3973 eer-

106 4012 199 4076 tum,
227 4001 314 4085 quod
336 3999 572 4082 stipendiarium
596 4000 730 4078 dicitur,
761 4008 796 4063 ut
821 3995 976 4080 Hispanis
1003 4011 1034 4060 et
1058 3997 1220 4085 plerisque
1242 4001 1448 4079 Poenorum,

106 4093 206 4178 quasi
226 4093 384 4160 victoriae
405 4094 637 4180 praemiumac
658 4115 762 4177 poena
784 4093 880 4175 belli,
895 4107 957 4167 ‚aut
978 4090 1122 4155 censoria
1138 4091 1257 4160 locatio
1274 4093 1447 4159 constituta

105 4200 180 4265 est,
215 4188 391 4267 utililas,
424 4187 497 4277 lege
519 4188 758 4275 Sempronio.”
801 4191 901 4258 Verr.
929 4188 986 4252 lib.
1016 4184 1084 4248 ΠΙ.
1114 4184 1151 4261 6,
1182 4185 1235 4249 12.
1281 4184 1383 4253 Conl.
1406 4190 1447 4271 ad

105 4286 187 4350 Ali.
209 4282 241 4348 1.
267 4286 322 4359 17,
347 4285 378 4348 9.
1261 4338 1264 4347 .

198 4377 369 4443 Ernestius
396 4378 430 4443 iu
459 4376 569 4443 lodice
599 4380 727 4464 Legum
752 4381 833 4446 haec
859 4381 959 4446 verba
986 4380 1028 4441 ad
1056 4372 1343 4458 Sempronianus
1363 4397 1446 4461 pro·

105 4470 235 4537 uinclis
255 4472 497 4537 consularibus
518 4474 637 4551 refert,
662 4496 732 4539 cum
750 4477 954 4541 Hotomanus
976 4492 1089 4556 parum
1112 4469 1323 4553 probabiliter
1340 4470 1446 4557 legem

108 4564 249 4631 Tiberii
272 4566 413 4631 Gracchi
435 4566 670 4653 intelligendam
687 4591 758 4635 esse
775 4570 923 4645 dixisset,
946 4579 982 4631 ut
996 4565 1034 4633 iis
1051 4565 1107 4652 qui
1122 4585 1233 4650 agrum
1250 4564 1445 4648 acciperent,

107 4656 246 4742 pecunia
271 4679 352 4744 quae
379 4659 468 4745 regis
490 4659 592 4723 Attali
619 4661 748 4741 fuisset,
784 4664 994 4728 divideretur.
1025 4697 1067 4708 -
1091 4657 1253 4737 ,cereum
1285 4658 1396 4723 Asiam
1425 4680 1444 4725 a

108 4750 293 4835 publicanis
308 4774 420 4819 rursm
436 4753 585 4818 liberavit
600 4754 721 4821 Caesar
737 4758 948 4842 vectigalibus
966 4756 999 4819 in
1014 4751 1125 4817 tributi
1139 4753 1275 4817 sormam
1293 4751 1444 4819 redactis.

112 4845 195 4911 vid.
218 4845 286 4912 Dio
310 4843 441 4912 Cassius
462 4848 580 4917 XLII.
604 4850 636 4913 6.
681 4851 824 4937 Appiam.
847 4855 885 4916 de
907 4850 993 4917 Bell.
1016 4846 1115 4914 civit.
1137 4848 1185 4913 V.
1209 4849 1238 4916 1.
