3220 5572
464 316 613 432 1unux
635 366 815 433 trouu.
1239 335 1316 434 us
1419 364 1426 373 ’

48 512 122 576 m.''
136 513 163 574 le
179 509 255 592 llep.
277 508 323 574 ll.
344 508 396 571 20.
418 543 459 557 -
482 510 582 591 „Non
598 508 755 573 conmisit
772 531 807 574 se
822 509 966 592 patribus
984 509 1130 590 (Servius
1149 511 1299 590 Tullius),

51 603 233 688 ullarqunio
254 604 379 684 sepulte
401 604 552 685 popellum
576 605 615 666 de
635 601 756 687 seipse
775 605 952 677 consuerit,
976 605 1143 689 iussusque
1165 622 1306 681 regnare

51 697 291 784 leguleinperio
307 718 364 759 suo
381 698 553 760 curiatam
568 697 672 760 tulit.''
696 699 734 760 dc
758 697 843 780 Rep.
864 698 913 762 tt.
936 699 994 773 21,
1019 699 1072 763 38.
1094 733 1135 746 -
1169 699 1302 779 „Quae-

49 804 117 856 stores
130 793 238 874 regibus
258 792 350 854 etiam
375 800 441 854 turn
467 789 694 874 imperantibus
714 790 849 855 instituti
871 801 959 867 sunt;
982 796 1070 876 quand
1093 793 1147 857 lex
1167 794 1306 858 crsriata

49 884 150 960 aaut,
168 887 203 947 ab
224 884 328 950 Lucio
350 886 455 950 Bruto
478 883 649 967 repetita.''
694 885 801 948 Tacit.
825 886 913 950 Ano.
937 887 1002 951 xl,
1026 887 1079 953 22.

97 982 167 1051 ‚ber
184 979 317 1043 curiata
337 979 401 1042 lata
422 987 498 1055 est,⁸
510 979 712 1063 dictatorque
727 977 911 1059 (Camillus)
933 982 1047 1045 absens
1065 979 1203 1045 dictus.”
1224 979 1303 1043 Lir.

44 1074 123 1137 lbli.
139 1107 175 1123 -·
204 1073 378 1157 „Papirius
400 1073 566 1152 (dictator)
590 1071 632 1137 C.
656 1073 780 1137 lunium
809 1072 987 1137 Bubulcum
1013 1074 1196 1160 magistrum
1216 1074 1306 1159 equi·

40 1180 81 1229 tus
92 1168 166 1242 licite
185 1178 276 1254 atque
290 1156 327 1231 ei
342 1168 445 1251 legens
461 1167 634 1230 curiatam
652 1168 692 1231 de
709 1166 844 1250 irnperio
860 1167 974 1231 ferenti
998 1170 1088 1233 triste
1111 1191 1204 1234 omen
1222 1170 1304 1234 diem

36 1262 120 1324 tute
137 1298 149 1313 ·
167 1297 181 1313 ·
199 1297 213 1310 ·
242 1260 395 1328 Dictator
425 1271 558 1342 postero
591 1259 643 1324 die
673 1262 822 1345 aruspiciis
846 1262 990 1345 repetitis
1011 1263 1140 1345 pertulit
1164 1265 1304 1350 legem.'‘

33 1355 86 1417 lit.
103 1356 154 1419 lX.
174 1357 222 1421 38.

89 1450 217 1532 ‚Annus
230 1451 372 1531 (cunsttl)
388 1449 418 1514 in
435 1448 635 1513 sermonibus
656 1461 747 1512 antea
769 1449 950 1523 dictitabat,
974 1462 1088 1535 postea
1110 1453 1191 1518 dixit
1212 1454 1306 1521 etiarn

30 1541 153 1606 insenun
171 1544 290 1626 palam:
316 1565 408 1620 sese,
430 1544 457 1606 si
479 1543 599 1607 licitum
622 1556 705 1608 esset
727 1544 829 1629 legent
851 1546 1024 1610 curiatam
1045 1546 1149 1625 lerre,
1178 1549 1309 1616 sortitu·

29 1658 77 1699 tun
93 1658 148 1700 esse
166 1659 232 1702 caten
252 1638 380 1724 collega
405 1638 623 1721 provinciam:
656 1639 682 1701 si
703 1638 841 1702 curiam
860 1639 912 1702 lex
938 1661 1003 1704 nou
1027 1653 1128 1713 esset,
1152 1663 1187 1706 se
1214 1664 1307 1725 para·

29 1740 102 1792 utun
119 1753 179 1795 curu
197 1734 327 1818 collega
347 1732 467 1818 tibique
489 1734 546 1813 (Ρ.
571 1733 725 1813 Lentulo)
747 1754 986 1798 successurum:
1010 1736 1113 1829 legem
1136 1740 1308 1802 curiatam

29 1825 116 1889 russii
130 1848 204 1909 opus
225 1849 316 1904 esse,
340 1849 469 1892 necesse
491 1849 555 1891 non
577 1849 666 1892 esset
689 1849 744 1905 se,
768 1828 916 1911 quioniam
939 1851 980 1893 ex
1006 1842 1133 1894 senatus
1159 1834 1308 1897 consrslto

30 1920 181 1999 unusuan
195 1924 360 1997 baberetf
376 1910 448 2007 lege
464 1921 616 1986 Cornelia
633 1922 796 2005 imperium
808 1922 1007 2001 habiturum,
1025 1928 1131 2010 quoad
1143 1926 1181 1989 in
1196 1927 1323 2015 urbem„
1434 1952 1439 1953 ff

31 2012 158 2079 introisset.
182 2051 223 2064 -
248 2051 292 2064 -
328 2017 430 2090 Sunt,
462 2016 518 2102 qni
539 2027 650 2099 pettent
669 2036 766 2098 posse
787 2029 822 2080 te
843 2039 906 2082 non
928 2019 1100 2097 decedere,
1132 2023 1220 2103 qttotl
1242 2022 1309 2084 sine

35 2106 203 2217 legeeusjtn
223 2111 280 2175 tibi
298 2113 503 2174 succedatur:
526 2120 600 2174 stant
624 2110 735 2186 etiarn,
760 2111 833 2193 qtti,
856 2111 883 2176 si
904 2114 1055 2190 decedas,
1080 2137 1096 2177 a
1119 2126 1152 2177 te
1174 2114 1312 2199 relinqui

37 2220 110 2280 uste,
133 2204 180 2289 neri
203 2203 396 2289 provinciae
417 2204 572 2287 praesit.''
609 2206 649 2267 ad
673 2205 764 2268 Fato.
790 2207 816 2269 l.
840 2206 876 2282 9,
900 2206 953 2272 25.
987 2240 1027 2255 -
1062 2209 1213 2292 „Appius
1242 2210 1310 2274 sine

38 2292 194 2378 ltgtntrinto
206 2300 380 2364 coufirmat
392 2320 425 2361 se
436 2299 577 2363 Lentulo
589 2310 703 2362 nostro
714 2303 970 2363 successurum.”
984 2303 1024 2365 ad
1035 2302 1078 2382 Q.
1091 2303 1149 2366 Fr.
1162 2303 1226 2367 tlt.
1237 2304 1269 2379 2,
1279 2305 1310 2372 3.

88 2391 296 2479 ‚Cognoscite
329 2414 428 2466 nunc,
460 2413 543 2476 qttae
577 2404 718 2474 potestas
751 2394 956 2468 decemviris,
992 2405 1024 2456 et
1056 2408 1173 2480 qtranta
1206 2398 1311 2462 cietur·

34 2481 130 2548 Ρήιιιω
146 2489 216 2573 iege
233 2487 378 2552 curiata
401 2486 602 2550 decemviros
624 2498 730 2551 ornat.
775 2488 842 2550 laur
868 2487 932 2550 hoc
950 2487 1141 2564 inauditum,
1165 2499 1198 2552 et
1218 2491 1311 2573 plane

32 2596 90 2643 teto
103 2602 192 2659 nore,
214 2583 263 2647 uti
287 2582 425 2644 curiata
446 2582 518 2666 lege
541 2580 745 2665 magistratus
769 2582 877 2654 detto,
894 2580 952 2649 ‘cui
970 2581 1063 2644 ussllis
1083 2582 1221 2647 comitiis
1240 2596 1311 2648 ante
1348 2656 1352 2663 ¹

32 2668 154 2740 titiatus.
200 2678 287 2741 Eam
314 2675 416 2760 legem
446 2677 488 2738 ab
512 2683 552 2738 en
577 2685 756 2755 praetorc,·
784 2674 839 2758 qui
861 2674 902 2738 sit
929 2676 1049 2758 primus
1076 2676 1197 2755 iactans,
1231 2676 1312 2745 terri

34 2762 100 2829 'lbet
129 2774 168 2835 at
190 2769 382 2858 quomodo?
403 2771 447 2835 Ut
465 2769 489 2833 ii
510 2767 755 2831 decemviratum
778 2770 936 2843 habeant,
960 2790 1042 2854 qtsos
1057 2772 1150 2854 plebs
1164 2772 1311 2857 designa·

37 2859 98 2924 tttit.
124 2865 249 2930 Oblitus
271 2870 341 2943 est,
365 2865 471 2931 nullos
496 2867 535 2926 ab
563 2865 658 2947 plebe
684 2863 857 2949 designari.
904 2865 995 2930 Etis
1022 2868 1131 2929 orbem
1153 2879 1308 2935 terrarum

38 2955 171 3044 nunngn
195 2961 294 3025 novis
316 2960 458 3042 legibus,
494 2957 565 3043 qtri,
600 2961 686 3041 equod
712 2957 743 3019 in
768 2959 908 3022 serrendo
936 2958 1039 3040 capite
1065 2959 1215 3040 scriptum
1239 2972 1311 3036 est,

34 3065 76 3105 ses
91 3054 209 3120 reminis
230 3055 263 3118 in
289 3053 409 3118 tertio?
442 3056 551 3137 Atque
574 3052 627 3115 bic
651 3052 855 3135 perspicuum
877 3064 942 3128 est,
972 3052 1050 3137 quid
1071 3052 1152 3116 iuris
1175 3075 1193 3118 a
1215 3054 1312 3119 oraio·

30 3138 293 3231 inusurpatus,
317 3148 392 3233 quid
409 3150 449 3209 ab
466 3151 528 3211 hoc
542 3149 670 3211 tribuno
686 3146 787 3228 plebis
806 3147 897 3210 vobis
911 3146 1122 3230 relinquatur.
1166 3148 1312 3214 Maiores

30 3232 195 3305 lenonibus
222 3241 466 3324 magistratibus
495 3239 544 3304 bis
571 3260 631 3303 vos
657 3240 842 3303 senteutiam
872 3239 958 3302 serre
988 3241 1170 3308 noluerunt.
1231 3244 1311 3305 Natu

29 3346 76 3388 ‘tu
94 3336 256 3399 centuriata
283 3336 335 3397 lex
359 3332 544 3398 censoribus
567 3335 749 3407 serebatur,
778 3354 850 3395 cerm
873 3333 1010 3396 curiata
1034 3340 1150 3399 ceteris
1172 3336 1312 3419 patriciis

31 3422 239 3503 mgistratum
264 3440 331 3492 tum
355 3428 467 3492 iterum
491 3430 529 3491 ‹le
550 3429 665 3492 eisdem
686 3429 905 3503 iudicabatur,
925 3438 959 3490 ut
974 3438 1042 3493 eset
1057 3430 1313 3511 reprehendendi
1353 3501 1356 3507 ,
1422 3457 1440 3479 ·¹

31 3528 145 3596 utens,
178 3523 204 3587 si
235 3523 390 3607 popellum
422 3522 565 3585 lseuelicii
591 3523 640 3586 sui
670 3521 860 3605 poeniteret.
914 3524 1009 3585 Nrtnc
1034 3522 1106 3606 qttia
1131 3526 1233 3607 prima
1261 3525 1312 3588 ille

34 3612 118 3674 teritis
136 3618 248 3682 tenetis
273 3618 446 3681 centuriata
471 3629 502 3680 et
526 3619 664 3689 tributa3
699 3616 818 3678 curiata
844 3626 962 3678 tanturn
985 3614 1198 3697 auspiciorum
1219 3632 1336 3680 causa*

38 3714 217 3775 ltterserunt.
265 3713 329 3776 Hic
350 3723 453 3774 autem
472 3711 617 3773 tribunus
640 3709 758 3792 plebis,
785 3709 857 3793 qrtia
881 3709 1022 3784 videbat,
1048 3723 1234 3791 potestatem
1260 3730 1315 3773 ue·

40 3792 109 3863 ¹‘tte
133 3804 251 3868 iniussu
283 3806 394 3887 popelli
424 3817 477 3868 aut
509 3805 612 3886 plebis
639 3822 735 3885 nosse
763 3805 900 3879 babere,
933 3802 1061 3866 curiatis
1093 3807 1129 3867 'ea
1157 3804 1309 3878 comitiis,

39 3908 150 3965 istros
169 3921 235 3962 non
256 3898 380 3974 scistis,
404 3899 626 3962 confirmavit:
651 3900 784 3974 tributa,
810 3918 890 3982 qtsae
913 3909 1018 3959 vestra
1042 3910 1149 3972 erant,
1173 3897 1313 3962 sustulit.

37 3976 153 4057 litteren
175 3992 318 4057 maiores
340 3992 421 4055 binis
447 3992 583 4056 comitiis
606 3991 765 4056 voluerint
788 4012 846 4055 eos
868 3995 907 4053 de
928 3990 1060 4068 siugulis
1080 3990 1314 4075 magistratibus

34 4070 149 4150 *iuret
172 4088 224 4151 bic
250 4094 347 4151 borno
367 4086 531 4170 popularis
554 4108 593 4149 nc
616 4107 707 4149 unam
731 4085 856 4170 quaidern
881 4087 1004 4168 populo
1031 4084 1232 4149 comitiorum
1256 4107 1316 4167 po·

29 4178 136 4243 litun
156 4182 302 4268 reliquit.
346 4183 409 4246 Sed
434 4181 536 4245 videte
557 4181 692 4245 bominis
706 4179 893 4264 religionem
916 4188 948 4242 et
969 4179 1179 4264 diligentiam,
1228 4181 1315 4242 Vidit

28 4278 219 4357 strepente,
244 4276 313 4339 sine
328 4275 464 4339 crerintn
480 4276 548 4360 lege
568 4274 767 4337 decemviros
786 4274 903 4336 habere
919 4284 1106 4354 potestatem
1129 4297 1192 4340 non
1209 4294 1316 4357 posse,

27 4366 140 4440 quom
159 4393 216 4452 per
239 4390 356 4433 novem
381 4371 485 4433 tribus
508 4382 611 4434 essent
634 4368 811 4432 constituti.
856 4368 949 4432 Iubet
970 4368 1056 4430 ierre
1079 4369 1117 4430 de
1144 4368 1189 4430 his
1213 4370 1316 4453 legem

27 4457 179 4526 utrumn:
208 4463 355 4548 praetori
384 4465 533 4546 imperat.
577 4463 679 4543 Quaso
707 4462 739 4524 tt
769 4463 869 4543 ipsum
902 4462 1057 4537 absurde,
1092 4462 1169 4524 nibil
1199 4465 1238 4525 ad
1268 4482 1315 4525 sne

28 4551 121 4617 'M
161 4558 251 4623 lubet
282 4558 382 4634 enirn,
418 4559 478 4644 qui
494 4548 640 4641 ‘primus
666 4556 712 4620 sit
744 4567 888 4638 praetor
910 4553 1061 4644 sactus,
1096 4576 1175 4618 euna
1206 4557 1317 4640 legem

28 4646 211 4716 curiatum
221 4651 351 4746 serre:
375 4653 439 4716 'ain
462 4653 493 4715 is
502 4651 613 4743 serre
634 4670 705 4714 non
721 4650 853 4733 possit,
876 4649 936 4734 qui
954 4660 1151 4732 postremus
1179 4650 1246 4713 sits
1282 4660 1316 4712 ut

30 4746 69 4794 'tl
84 4740 179 4809 lesisse
202 4746 234 4811 in
261 4748 356 4811 tantis
377 4751 473 4810 rebus
495 4757 549 4809 sttt
570 4746 720 4828 protecto
745 4742 853 4807 nescio
875 4742 950 4826 quid
976 4753 1136 4823 spectasse
1158 4742 1313 4806 videatur.

32 4822 128 4898 Vm
147 4839 223 4920 boc,
250 4842 338 4928 quei
359 4853 407 4906 est
428 4849 484 4905 aut
506 4839 550 4903 ita
573 4845 790 4922 perversum?
804 4849 839 4901 ut
862 4836 1046 4915 ridiculum,
1079 4848 1133 4901 aut
1157 4835 1200 4897 ita
1226 4832 1315 4897 aneli-
