3214 5586
438 408 589 475 mmm
609 406 793 475 666666.
1030 354 1036 359 ’
1215 404 1276 470 666

547 598 680 662 Maera·

98 740 204 819 ,266666
223 736 314 811 etiem
331 738 386 801 lex
407 738 531 803 Maria
551 738 630 803 feeit
650 736 839 824 engatmoel'
862 740 901 802 616
919 738 1029 824 Legg.
1052 737 1119 802 111.
1143 737 1182 798 17
1193 780 1202 811 ,
1226 735 1301 802 m·

93 834 146 896 lata
162 853 177 895 6
195 835 229 898 G.
250 833 369 899 Morio
391 832 520 896 tribuno
543 832 645 914 plebis
669 854 725 909 eo,
751 835 805 914 qui
823 843 937 915 poetea
954 854 1053 915 caepe
1072 832 1183 897 nonnul
1205 831 1278 907 suit,

41 948 63 988 6.
76 948 94 989 t.
106 926 159 989 661.
178 926 316 991 ambitum
338 929 468 990 eoiircet
483 938 516 989 et
530 926 708 990 libertatem
724 926 868 1012 suffragii
885 927 1009 997 serendi
1030 939 1139 1012 auget.
1183 925 1283 990 luerit

41 1020 98 1094 6666,
113 1031 138 1081 66
156 1030 256 1102 666666
279 1020 479 1102 anguetioree
505 1010 637 1096 fierent,
662 1022 777 1104 quibus
798 1022 986 1106 suffragium
1011 1021 1151 1085 16666666
1177 1031 1282 1082 trane·

36 1114 98 1187 ibnt3
114 1134 142 1175 ue
160 1114 220 1198 quie
243 1114 363 1177 66616666
381 1113 539 1195 inspicere
559 1115 707 1178 tabellam
723 1126 848 1197 poscet,
873 1138 912 1178 ue
931 1136 1049 1200 rogere
1066 1119 1104 1179 616
1122 1115 1279 1201 nrrffragio
1331 1124 1334 1141 ¹

35 1207 192 1288 6666661666
206 1207 370 1275 ferentem.
414 1209 462 1272 Ea
478 1208 545 1286 lex,
569 1208 642 1293 quie
660 1212 822 1292 potentiae
841 1231 1010 1292 procerum
1030 1210 1179 1292 opposita
1196 1220 1283 1285 erat,

32 1296 120 1361 rCnttr
136 1312 162 1363 et
178 1302 420 1367 Metellorum.
444 1314 628 1386 oppugnata
653 1316 779 1367 66666666
807 1304 954 1368 consulto
980 1316 1045 1381 eet,
1070 1305 1278 1371 6661666666.
1317 1329 1321 1335 ·

32 1391 78 1456 tn
90 1393 225 1465 Plutarch.
245 1397 277 1461 in
299 1396 411 1463 Mario
433 1401 478 1481 [6.
499 1398 544 1479 6.]
566 1420 601 1480 p.
625 1398 699 1461 tut.
723 1402 762 1462 ed
784 1399 933 1463 Wecbel.
968 1401 1053 1464 Ena.

232 1558 390 1622 1116666666
412 1557 454 1621 de
474 1559 649 1643 Iugurtha
670 1561 817 1625 Romam
838 1558 1005 1624 6166666616.

78 1680 165 1753 1,Η666
187 1693 275 1764 atque
306 1680 366 1743 alia
393 1677 611 1742 huiuscemodi
629 1699 725 1762 caepe
751 1679 887 1744 dirrtndo
909 1681 1099 1746 Memmius
1120 1682 1280 1761 (6661666666

21 1770 89 1855 6161666
104 1797 127 1838 a.
146 1798 174 1839 u.
195 1777 279 1853 612.)
302 1774 425 1856 populo
450 1775 636 1855 pererraret,
668 1775 712 1837 uti
737 1776 780 1838 L.
802 1773 950 1851 Carcine,
982 1777 1035 1859 qui
1060 1789 1125 1839 66666
1147 1789 1282 1860 praeter

24 1882 80 1943 6666,
97 1874 126 1933 at
142 1872 319 1956 Iugurtham
339 1868 531 1945 mitteretur,
556 1870 743 1952 interposita
763 1870 825 1933 1666
839 1871 965 1954 publiea
981 1871 1117 1935 Romam
1135 1874 1278 1947 61666666,

25 1963 172 2043 6661666666
190 1966 304 2029 indicio
326 1964 414 2046 regin
438 1963 549 2026 Scauri
572 1976 604 2027 et
624 1965 843 2049 reliquorum,
878 1986 961 2051 qtton
986 1964 1138 2047 pecuniae
1168 1976 1280 2048 captae

25 2060 177 2135 6666666666,
200 2061 314 2124 delicta
340 2057 540 2140 patelierent.
562 2094 604 2106 -·
624 2096 666 2106 —
695 2062 740 2124 At
765 2059 895 2125 Cassian
921 2061 1042 2144 perlata
1069 2059 1239 2146 rogatione
1262 2081 1281 2123 a

28 2150 193 2220 6611666666
220 2177 254 2219 66
283 2152 432 2237 perculsa
460 2152 545 2215 omni
569 2154 732 2218 nobilitate
756 2156 796 2217 ad
817 2155 1009 2240 lugurtbam
1037 2153 1279 2239 proficiscitur”

29 2253 68 2304 666
90 2248 175 2314 aaut.
197 2251 271 2336 lug.
298 2249 351 2313 32.
1257 2259 1263 2267 ’

178 2430 337 2495 Mamm
359 2429 400 2494 de
421 2427 739 2493 calumniatoribus.
784 2426 864 2492 Vid.
888 2429 1049 2495 Reunia·

543 2599 699 2678 Murciae

24 2710 150 2784 61166666
166 2722 285 2786 tribuni
308 2720 410 2804 plebis
432 2743 463 2785 a.
487 2743 520 2784 66.
543 2743 573 2783 6.
598 2721 672 2786 696.

136 2880 257 2946 Menam
281 2881 324 2944 rie
345 2879 536 2945 reuocando
557 2880 734 2945 Cicerone.

79 2997 171 3075 „llutta
187 3008 224 3069 de
240 3024 293 3067 me
315 3005 354 3068 C.
377 3001 529 3068 Mennim
551 3014 583 3065 et
604 3002 760 3066 amicitiae
783 3013 817 3065 et
835 3001 883 3066 rei
900 3001 1048 3085 publicae
1065 3022 1160 3066 666666
1178 3002 1279 3066 atxn:

21 3078 87 3166 litt·
97 3099 242 3177 6666666666
254 3096 351 3162 initio
367 3099 406 3160 de
418 3097 517 3159 6616666
531 3117 597 3159 mea
611 3096 862 3181 promulgavit.’'
885 3109 959 3181 poet
971 3100 1039 3162 red.
1052 3097 1164 3162 insen.
1177 3099 1208 3176 8,
1226 3099 1280 3162 21.

129 3257 254 3325 Menam
280 3258 323 3321 de
344 3261 406 3324 Gn.
428 3256 583 3340 Pompeii
603 3256 763 3341 imperio.

69 3375 186 3463 „Legem
209 3380 362 3446 6666666166
384 3379 660 3460 eunici-ipserum,
686 3399 747 3462 quta
773 3378 932 3462 Pompeio
951 3401 1012 3464 per
1035 3379 1282 3466 quinquennium

16 3464 82 3526 mit
102 3486 229 3551 potestas
251 3473 303 3539 rei
327 3473 551 3537 frumentariae
576 3483 649 3536 toto
677 3475 757 3536 orbe
783 3484 939 3536 terrarum
969 3477 1118 3538 6166666666
1153 3477 1283 3538 alteram

16 3554 135 3642 61666666,
165 3572 218 3655 qui
247 3567 352 3634 666666
381 3568 612 3655 pecuniae'bat
634 3577 826 3649 potestatem
856 3579 887 3629 et
917 3566 1058 3652 adirmgit
1088 3571 1220 3633 classem
1250 3581 1283 3632 et

19 3655 137 3723 uttritum
165 3675 194 3727 et
222 3662 324 3726 mains
349 3660 514 3743 imperium
542 3660 572 3722 in
597 3660 770 3742 provinciis
799 3681 892 3744 qiram
919 3661 961 3723 sit
987 3682 1114 3737 eorum,
1149 3663 1203 3748 qrti
1229 3684 1283 3727 eae

20 3738 138 3819 illium.
179 3759 240 3821 ltta
255 3766 368 3820 6666666
383 3756 436 3817 lex
451 3754 628 3818 6666616666
644 3776 726 3817 nune
749 3757 890 3818 6666166666
907 3754 1052 3831 videtur,
1077 3757 1283 3821 16666Μ66666
1357 3746 1361 3751 ’

19 3842 186 3999 merenda
232 3849 409 3934 Pompeius
429 3848 514 3913 iliam
537 3849 675 3913 vellere
699 3845 790 3926 dicit,
815 3848 985 3913 intuitiones
1006 3850 1119 3915 bann.”
1149 3853 1190 3914 661
1209 3853 1281 3916 nu.

54 3976 60 3993 .
92 3949 143 4015 ,6,
335 3960 339 3969 ·

534 4105 706 4185 Murrum.

64 4226 130 4301 „M-
158 4228 319 4295 Metilius
348 4214 494 4292 tribunus
522 4226 627 4311 plebia
655 4229 700 4307 (6.
729 4248 764 4290 u.
795 4248 825 4292 6.
847 4227 938 4309 636.)
962 4227 996 4291 it
1025 4228 1285 4296 1666661666-6666

15 4326 173 4391 egat-'non
202 4335 401 4408 praesentem
433 4322 535 4386 66166666
564 4320 751 4387 dictatorem
780 4322 838 4401 (Q.
868 4323 1016 4403 Fabium)
1046 4326 1208 4393 obstitisse
1237 4328 1284 4392 rei

15 4422 58 4467 666
70 4419 232 4495 gerendae,
256 4419 313 4481 ned
335 4419 496 4481 absentem
520 4416 612 4479 etiam
636 4426 745 4500 gestae
771 4417 920 4492 obstare3
944 4429 975 4479 et
990 4420 1021 4480 in
1037 4421 1184 4486 6166666616
1197 4422 1284 4486 bello

15 4499 82 4566 66666
103 4518 218 4594 tempus
242 4524 362 4600 terere,
384 4532 449 4595 quo
477 4509 592 4574 diutius
616 4510 647 4571 in
668 4508 853 4594 magistratu
873 4510 915 4573 666
936 4512 1087 4598 solusque
1109 4526 1139 4577 et
1162 4516 1285 4580 Romae

15 4592 65 4654 liu
89 4605 222 4667 exercitu
253 4605 418 4688 imperinm
450 4606 577 4667 babeat.
600 4637 641 4651 -
662 4631 701 4659 -6
725 4638 765 4649 -
811 4602 864 4666 Μ.
892 4605 1069 4668 Minucium
1100 4606 1284 4692 magistrum

15 4686 121 4771 quitum,
151 4718 190 4761 ne
213 4700 345 4762 16666666
363 4699 501 4773 videret,
537 4717 575 4759 ne
604 4695 680 4782 quid
708 4695 756 4758 rei
783 4696 916 4761 bellicae
948 4711 1093 4784 gereret,
1126 4721 1230 4785 prope
1252 4702 1284 4765 in

15 4783 137 4850 6666616666
161 4792 319 4858 habitum.
341 4826 382 4840 -
404 4829 445 4840 —
466 4827 509 4838 —
533 4792 620 4875 Quas
648 4792 692 4854 ob
720 4811 790 4865 666,
824 4789 852 4853 66
880 4790 1025 4874 antiquae
1050 4793 1170 4857 animun
1199 4793 1285 4876 plebi

15 4867 134 4945 66666666
148 4898 242 4964 66666,
255 4888 416 4952 audaciter
427 4906 461 4951 66
472 4886 610 4949 latueram
621 4883 764 4948 16666666
775 4886 963 4971 abrogando
972 4887 1015 4968 Q.
1025 4886 1116 4952 Fabii
1128 4885 1263 4970 imperio
1274 4907 1287 4951 6
