3338 5584
313 320 433 425 ua¹
561 346 568 357 ‘
714 355 867 420 mnnx
889 353 1244 420 coruncanum.

233 552 244 575 ,
313 499 547 578 supplemento.
592 495 677 558 Ibid.
707 524 749 538 -
782 494 915 555 Senatus
941 491 1123 555 consultum
1156 492 1277 555 factuam
1308 504 1356 555 est
1385 492 1419 554 in
1446 492 1600 557 creditores

315 610 428 662 carisa,
452 600 493 650 nt
516 587 760 650 centesimae
782 595 985 665 perpetuo
1007 583 1153 646 fenore
1176 587 1436 646 ducerentur.
1458 584 1505 647 lb.
1524 592 1550 660 t.
1568 589 1602 649 tt

398 681 450 744 De
476 700 554 762 rege
580 668 802 741 Alernndrino
828 676 945 737 lactruu
975 687 1022 737 est
1052 678 1087 737 S.
1117 674 1160 739 C.
1189 695 1271 738 cum
1301 675 1548 739 multitudine
1563 699 1603 740 re·

314 771 407 834 duci
428 770 489 833 rei
510 771 705 852 publicae
728 767 1003 849 periculosum
1027 767 1172 830 videri.
1208 770 1249 829 ad
1272 769 1315 846 Q.
1338 768 1396 829 Fr.
1421 767 1459 840 2,
1482 768 1515 841 1,
1534 769 1560 830 3.

397 863 442 925 Α.
466 865 499 925 d.
523 863 569 924 V.
594 863 645 925 ld.
670 862 769 923 Febr.
794 859 882 943 (698)
905 861 945 920 ad
975 859 1137 940 Apollinis
1166 871 1293 922 senatus
1317 858 1494 922 consultum
1516 859 1604 922 nunu

313 967 380 1029 est,
416 975 459 1017 ea
481 974 581 1037 quae
603 954 713 1014 facta
738 961 875 1014 essent
896 971 926 1014 a.
951 953 982 1014 d.
1007 951 1129 1013 vltl.
1161 950 1218 1014 ld.
1243 951 1360 1014 Febr.
1389 962 1526 1014 contra
1548 972 1606 1013 ren

311 1046 513 1127 publicam
538 1065 628 1107 esse
650 1045 770 1107 laeta.
803 1045 842 1103 ad
865 1042 908 1119 Q.
933 1043 992 1113 Fr.
1016 1042 1053 1115 2,
1078 1041 1118 1115 3,
1142 1043 1175 1106 3.

276 1160 280 1167 “
398 1139 521 1200 Eodem
548 1136 597 1198 die
627 1138 671 1215 (a.
702 1136 735 1197 d.
765 1135 830 1197 IV.
858 1135 910 1197 Id.
939 1134 1041 1196 Febr.
1075 1154 1105 1196 a.
1137 1155 1170 1196 ιι.
1200 1134 1286 1211 398.)
1315 1145 1441 1197 senatau
1463 1134 1606 1198 eonaultnu

310 1229 429 1291 factum
456 1240 522 1303 est,
546 1240 586 1289 ut
606 1228 848 1291 sodalitates
869 1225 1162 1308 decuriatique
1185 1226 1466 1301 discederent,
1494 1226 1607 1308 lexque

312 1323 357 1382 de
378 1320 431 1382 iis
452 1320 649 1392 ferretur,
679 1331 737 1393 ut,
773 1318 840 1401 qui
868 1337 942 1380 non
970 1317 1277 1395 discessissent,
1301 1339 1343 1380 ea
1372 1339 1513 1399 poena,
1533 1325 1611 1399 qu'at.

312 1423 372 1474 est
394 1415 440 1473 de
465 1412 521 1487 ri,
546 1422 810 1474 tenerentur.
834 1412 873 1472 ad
896 1409 940 1489 Q.
963 1411 1022 1473 Fr.
1047 1411 1084 1482 2,
1109 1412 1146 1486 3,
1171 1411 1203 1473 5.

397 1504 533 1566 Senatus
561 1504 721 1586 gratias
749 1505 923 1586 agendas
945 1503 1067 1565 censuit
1092 1501 1332 1564 civitatibus
1360 1503 1428 1575 iis,
1464 1499 1605 1582 qnaell.

312 1592 508 1670 Tullium,
533 1594 826 1677 cisernoptime
843 1592 1344 1675 derepublicarneritum,
1366 1593 1606 1675 recepissent.

311 1706 373 1765 pro
396 1691 492 1751 domo
515 1688 572 1762 32,
597 1687 649 1749 85.

397 1777 480 1842 Cum
502 1779 648 1853 Licinia,
672 1778 768 1861 virgo
788 1778 949 1852 Vestalis,
976 1779 1018 1840 T.
1036 1775 1214 1840 Flaminino
1233 1777 1277 1867 Q.
1294 1777 1431 1840 Metello
1454 1774 1605 1840 consulibus

311 1880 397 1933 aram
419 1883 451 1933 et
476 1871 650 1934 aediculam
676 1883 707 1932 et
726 1870 876 1951 pulvinar
897 1870 957 1931 sub
981 1891 1062 1931 saxo
1085 1889 1179 1933 sacro
1200 1870 1391 1943 dedicasset,
1413 1890 1483 1931 eam
1501 1888 1559 1930 rem
1580 1884 1608 1926 er

310 1962 499 2025 auctoritate
519 1974 648 2025 senatus
669 1965 708 2025 ad
728 1962 915 2042 pontificum
937 1961 1110 2043 collegium
1134 1963 1212 2023 Sex.
1230 1961 1331 2023 Iulius
1349 1971 1483 2040 praetor
1501 1956 1607 2021 rettulit.

310 2053 352 2115 P.
377 2054 530 2115 Scaevola
551 2053 696 2133 pontifex
713 2053 866 2115 maximus
886 2074 947 2132 pro
972 2052 1114 2134 collegio
1133 2053 1319 2133 respondit:
1345 2052 1462 2132 Quod
1483 2052 1521 2113 in
1542 2050 1606 2110 locn

309 2143 478 2223 publico
500 2143 682 2219 Licinia,
709 2143 797 2208 Caii
820 2144 936 2219 lilia,
961 2145 1115 2206 iniussn
1138 2144 1287 2225 populi
1310 2142 1552 2225 dedicasset,
1569 2159 1606 2201 sa·

310 2257 355 2306 cr
362 2256 420 2297 um
442 2256 519 2298 non
543 2235 734 2300 viderier.
792 2236 895 2316 Quam
912 2237 1037 2319 quidem
1052 2257 1119 2298 rem
1135 2249 1251 2319 quanta
1271 2237 1441 2299 severitate
1458 2244 1607 2318 quantaque

310 2326 472 2408 diligentia
495 2338 621 2391 senatus
644 2328 827 2398 sustulerit,
852 2348 893 2390 ex
914 2329 988 2409 ipso
1003 2339 1129 2390 senatus
1144 2330 1293 2391 consulto
1311 2328 1406 2391 facile
1420 2322 1605 2411 cognoscetis

310 2417 424 2481 Recita
451 2432 578 2481 senatus
605 2421 797 2484 consultum.
841 2421 1016 2483 Senatus
1046 2420 1291 2482 consultum.
1336 2418 1505 2483 Videtisne
1525 2432 1607 2498 prat·

311 2510 395 2573 tori
426 2513 578 2575 urbano
611 2513 814 2593 negotium
848 2516 998 2586 datum,
1039 2524 1079 2574 ut
1113 2522 1298 2585 curaret,
1332 2533 1378 2573 ne
1408 2512 1449 2573 id
1485 2526 1607 2573 sacrns

312 2615 442 2665 esset:
466 2613 514 2679 et,
539 2616 600 2678 nt,
621 2605 653 2666 si
680 2626 778 2688 quse
803 2617 934 2669 essent
957 2604 1112 2667 incisae
1134 2614 1203 2665 ant
1225 2603 1453 2684 inscriptae
1472 2602 1606 2665 litterae

311 2694 576 2758 tollerentur.
600 2716 663 2776 pro
686 2699 783 2760 domo
805 2698 865 2772 53,
892 2698 965 2759 137.
1034 2746 1039 2759 .

395 2786 559 2850 Domum
582 2788 634 2850 M.
659 2786 790 2852 Tullii
811 2789 964 2853 iudicio
986 2784 1230 2869 p'ontificum
1253 2785 1463 2871 religione
1491 2786 1607 2849 libera·

232 2934 240 2947 ,
311 2887 388 2941 tam
412 2878 553 2941 videri.
578 2882 616 2940 de
639 2880 784 2962 Harusp.
808 2902 896 2962 resp.
921 2884 959 2956 t,
985 2880 1036 2942 13.

396 2969 530 3032 Senatus
555 2971 716 3047 decrevit,
748 2973 782 3033 si
804 2994 883 3035 earn
907 2972 1036 3056 legem
1060 2974 1106 3033 ad
1127 2970 1316 3052 populum
1338 2969 1468 3043 ferat,
1498 2975 1608 3033 contra

311 3079 390 3148 rem
413 3061 771 3141 publicam‘videri
792 3086 876 3126 eum
899 3064 1053 3127 lacere.
1082 3066 1121 3125 ad
1145 3064 1289 3125 Herenn.
1314 3065 1351 3137 1,
1378 3064 1434 3138 ta,
1460 3063 1513 3125 21.

395 3152 447 3214 De
481 3174 530 3215 me
562 3166 690 3216 senatus
722 3156 764 3216 ita
797 3156 957 3219 decrevit:
997 3156 1036 3218 Si
1069 3155 1158 3239 quis
1195 3154 1435 3234 impedisset
1472 3151 1607 3217 reditun

312 3261 448 3315 meum,
472 3243 509 3305 in
532 3244 709 3308 hostium
733 3267 896 3309 numero
919 3250 1153 3310 haberetur.
1177 3244 1208 3308 in
1231 3247 1346 3310 Pison.
1371 3247 1430 3319 15,
1457 3248 1511 3310 35.

401 3335 541 3398 Senatus
563 3335 730 3399 universus
753 3337 922 3413 iudicavit,
945 3340 1022 3401 illud
1042 3351 1229 3421 corruptum
1256 3359 1326 3401 esse
1350 3337 1515 3400 indicium.
1534 3378 1551 3394 .
1566 3369 1606 3390 .-

313 3424 361 3486 At
381 3426 458 3506 quid
479 3440 526 3489 est
547 3427 734 3490 decretum?
756 3450 849 3510 quam
874 3430 978 3492 iuste?
1005 3453 1098 3514 quam
1122 3429 1301 3511 sapienter?
1329 3442 1422 3512 quam
1449 3420 1607 3513 diligenter?

315 3514 358 3577 Si
387 3517 452 3600 qui
480 3530 594 3592 sunt,
622 3540 792 3600 quorum
817 3542 938 3603 opera
960 3521 1108 3585 sactum
1131 3523 1203 3597 sit,
1239 3533 1280 3584 nt
1301 3522 1493 3584 iudicium
1513 3511 1607 3601 poili·

313 3629 394 3671 cum
417 3624 769 3693 corrumperetur.
793 3633 855 3693 pro
881 3612 1030 3678 Cluentio
1053 3615 1112 3688 19,
1138 3614 1212 3677 136.

398 3701 611 3778 Decrevistis‚
648 3725 694 3766 ne
724 3704 814 3787 quis
843 3707 888 3766 de
919 3707 1034 3769 caelo
1063 3716 1270 3778 servaret;
1304 3728 1347 3768 ne
1378 3706 1473 3789 quis
1495 3717 1607 3767 mortu

313 3791 435 3853 ullam
459 3792 656 3868 afferren
690 3795 724 3856 si
747 3796 839 3878 quis
862 3798 982 3859 aliter
1003 3797 1192 3873 fecisset,
1226 3818 1308 3860 eum
1337 3798 1457 3878 plane
1479 3809 1609 3860 everst-

311 3903 392 3944 rem
414 3883 470 3945 rei
492 3885 680 3965 publicae
702 3885 795 3949 lore
818 3889 938 3972 idque
960 3901 1146 3950 senatum
1170 3890 1413 3971 gravissime
1448 3878 1628 3952 latnrnni‘

315 3984 347 4035 et
369 3976 565 4037 utstatim
589 3979 634 4038 de
657 3977 744 4041 eins
773 3979 885 4042 laetu
911 3981 1153 4044 referretur.
1198 3980 1270 4060 Qua
1299 3982 1459 4065 gravitate
1488 3999 1540 4041 sna
1560 3990 1607 4034 ctu

313 4064 466 4146 frequens
501 4079 628 4129 senatus
663 4070 887 4132 nonnullorum
924 4072 1029 4134 scelus
1063 4071 1288 4157 audaciamque
1320 4075 1494 4146 tardasset,
1531 4079 1607 4128 tanc·

315 4156 393 4219 illud
417 4159 551 4235 addidit,
574 4157 609 4222 si
631 4159 775 4224 diebus
799 4162 993 4245 quinque,
1018 4164 1166 4247 quibus
1188 4168 1250 4247 egi
1273 4168 1316 4229 de
1340 4161 1607 4249 mepotnisstl·

315 4269 394 4311 non
416 4261 522 4312 esset
544 4263 691 4326 actum,
716 4253 890 4316 redirem
911 4253 950 4315 in
972 4255 1149 4337 patriam
1171 4256 1372 4340 dignitate
1390 4255 1504 4321 oanni
1524 4267 1631 4327 recr,

315 4351 465 4418 perata.
494 4362 556 4420 pro
579 4343 686 4405 Sestio
709 4346 768 4419 61,
794 4344 868 4408 129.
1132 4410 1137 4425 ‚

402 4432 559 4509 Quoniam
584 4437 721 4497 nondum
745 4447 793 4498 est
814 4437 1026 4520 perscriptum
1050 4451 1177 4503 senatus
1202 4438 1397 4517 constdtum,
1421 4462 1463 4511 ex
1488 4432 1607 4502 memoria

317 4519 429 4595 vobis,
453 4523 530 4605 quid
552 4530 677 4588 senatus
699 4528 875 4604 censuerit,
898 4549 1070 4610 exponam.
1114 4530 1257 4596 Primum
1283 4533 1360 4595 mihi
1386 4534 1508 4617 gratiae
1528 4523 1608 4592 vertit

317 4611 514 4692 amplissimis
536 4629 692 4699 aguntur,
717 4622 825 4699 quod
847 4620 1020 4697 virtute,
1046 4623 1245 4699 consilio,
1269 4623 1607 4706 providentiam

315 4703 559 4783 respublica
581 4709 774 4823 periculis
797 4711 853 4773 sit
875 4712 1054 4777 maximis
1076 4714 1275 4779 liberata:
1299 4714 1413 4780 deinde
1434 4718 1479 4778 L.
1501 4715 1605 4778 Flacttt
