3220 5572
443 428 594 494 INDEX
614 428 796 493 LEGUM.
1226 429 1286 494 tes
1321 426 1323 431 ’

55 592 101 632 un
117 569 201 652 ullege
223 567 334 654 tibique
363 546 602 634 successurum:
640 571 743 656 legem
769 567 921 635 curiatam
950 565 1075 635 eonsttli
1095 548 1175 634 lerri
1202 590 1285 652 opus

57 682 112 735 eur,
129 682 223 726 necesse
241 684 307 727 non·
322 684 410 729 esse:
446 685 497 739 se,
526 664 675 749 qnoniam
699 687 741 727 ex
762 675 889 728 senatus
911 663 1059 726 consrslto
1086 662 1286 748 provinciam

56 756 146 831 utens,
163 758 221 841 lege
233 757 387 822 Cornelia
400 756 566 840 imperium
583 759 763 821 habiturum
774 803 783 832 ,
796 759 908 843 quoad
924 757 955 820 in
967 760 1078 821 urbem
1091 757 1286 825 introisset.’'

53 850 146 912 allen.
159 851 182 915 l.
200 852 232 926 0,
254 852 304 914 25.
326 886 366 898 -
390 854 491 934 „Non
514 855 610 917 modo
626 852 745 917 ihinon
760 851 868 931 fuisti,
893 850 948 914 nti
970 868 1021 915 me
1038 852 1286 943 quamprimum

52 940 116 1005 rilne
130 964 231 1025 posses,
251 947 304 1008 sed
326 964 367 1009 en
386 943 572 1022 discessisti,
596 968 662 1031 quo
676 965 739 1032 ego
753 957 786 1008 te
804 967 841 1008 ne
857 949 1006 1030 persequi
1019 947 1143 1032 quidem
1159 966 1287 1029 possein

49 1034 128 1119 triginta
141 1038 246 1112 diebus,
269 1040 321 1123 qni
342 1040 398 1103 tibi
416 1042 456 1102 ad
472 1043 685 1104 decedendum
701 1042 792 1125 lege,
818 1051 852 1102 ut
869 1041 1002 1123 opinor,
1027 1041 1187 1108 Cornelio
1208 1060 1288 1105 con·

45 1128 225 1199 nituisssent.”
244 1136 281 1195 sd
300 1134 390 1203 Fsm.
406 1134 472 1199 Ill.
497 1135 533 1213 0,
559 1136 592 1200 3.
616 1171 656 1184 -
680 1137 745 1209 „Ut
767 1137 883 1198 habere
898 1135 1054 1200 rationem
1074 1136 1196 1219 possis,
1221 1153 1288 1219 quo

41 1221 135 1287 neone
148 1226 220 1290 salvs
242 1228 310 1313 lege
331 1229 492 1294 Cornelio
514 1228 703 1306 convenies,
729 1248 792 1314 ego
817 1228 847 1291 in
868 1229 1065 1312 provinciam
1093 1230 1164 1294 veni
1186 1229 1288 1314 pridie

39 1315 145 1380 Kalendas
162 1319 302 1397 Sextiles3
325 1323 387 1386 iter
408 1322 439 1386 in
461 1322 605 1388 Ciliciam
620 1323 705 1386 lucio
723 1344 783 1406 pet·
805 1322 1061 1415 Cappadociam
1082 1335 1186 1386 cestre
1203 1321 1289 1386 mori

38 1410 157 1476 attonio
173 1413 264 1496 pridie
288 1417 449 1481 Kalendas
481 1420 698 1501 Septembres.
753 1419 847 1481 Nunc
872 1428 908 1481 tu
933 1430 964 1482 et
989 1441 1030 1481 ex
1056 1418 1166 1485 diebus
1190 1429 1222 1481 et
1248 1438 1291 1481 ex

36 1503 117 1569 niens
129 1507 247 1584 itineris,
269 1508 295 1573 si
317 1512 441 1591 putabis
463 1532 513 1575 me
532 1533 601 1576 esse
621 1510 888 1590 conveniendum,
913 1512 1105 1589 constitues,
1131 1534 1196 1598 quo
1214 1513 1291 1577 loco

34 1594 273 1689 ileonmodissiqne
289 1604 365 1667 lieri
385 1606 489 1687 possit
510 1617 542 1668 et
563 1626 629 1691 quo
652 1605 739 1669 die.''
761 1608 800 1668 sd
819 1606 910 1673 Fam.
933 1606 1000 1670 111.
1025 1608 1063 1681 ιἰ,
1090 1600 1122 1668 is.
1145 1636 1187 1650 ·-
1211 1606 1292 1680 ,Ad

34 1693 141 1757 nendire
158 1700 299 1780 quosdam
323 1699 464 1779 memini,
494 1692 640 1764 nimirum
663 1718 703 1763 ex
726 1699 897 1781 Epicteto,
930 1690 986 1785 qui
1007 1699 1168 1776 dicerent,
1200 1701 1291 1764 nimis

32 1804 120 1868 regnos
139 1804 266 1874 sumptus
287 1794 402 1875 legatis
430 1795 575 1859 decerni:
610 1793 725 1879 quibus
744 1816 807 1877 ego
833 1806 983 1858 nontam
1011 1794 1168 1877 imperavi
1197 1816 1292 1879 qnam

32 1881 102 1944 renui
116 1898 236 1968 stimptus
256 1887 371 1972 legatis
391 1910 484 1972 quem
505 1888 640 1952 menime
662 1890 701 1950 nd
720 1888 822 1973 legem
844 1885 1038 1952 Corneliam
1060 1890 1291 1953 decernendos.

33 1970 102 2056 Atque
119 1975 142 2039 in
166 2000 201 2044 eo
225 1979 295 2063 ipso
322 2003 370 2044 me
392 2002 456 2045 non
481 2002 707 2064 perseverasse
730 1992 826 2045 testes
849 1995 922 2046 sunt
946 1983 1089 2046 rationes
1115 1984 1290 2058 civitatum,

34 2061 163 2151 inqntns,
191 2087 342 2157 qnantum
364 2096 509 2160 quinoque
538 2075 656 2153 voluit,
690 2076 802 2161 legetis
834 2078 896 2140 tuis
921 2079 1027 2139 detentu
1051 2076 1209 2140 induxit.’'
1253 2079 1293 2140 nd

37 2154 155 2230 lmlll.
177 2171 230 2246 10,
254 2170 286 2233 6.
335 2162 435 2234 Conl'.
458 2170 525 2234 ttl.
549 2170 582 2233 8.

86 2256 159 2324 llnins
175 2262 252 2349 legis
274 2264 383 2347 capitu
402 2266 485 2347 apud
509 2261 698 2328 Ciceronem
720 2266 801 2329 haec
821 2264 971 2347 reperio:
995 2266 1043 2347 (1)
1066 2266 1218 2351 Sumptus
1238 2266 1293 2329 de·

38 2339 127 2429 trun,
145 2378 218 2442 quos
240 2358 355 2421 liceret
373 2356 553 2422 civitatibus
575 2358 826 2440 provincialibus
848 2359 957 2423 fecere
975 2358 1007 2422 in
1030 2360 1143 2444 legatis
1167 2360 1294 2442 publice

37 2434 120 2507 Renes
130 2448 296 2526 mittendis,
317 2464 352 2515 ut
364 2473 421 2516 eos
435 2453 464 2516 in
481 2464 589 2516 senatu
605 2454 786 2530 laudarent,
801 2451 854 2539 qni
868 2453 1056 2536 provincius
1068 2453 1294 2536 perstitissent.

35 2528 75 2613 Ep.
93 2542 119 2601 tl
139 2541 205 2611 ttiv.
234 2547 306 2612 111.
327 2547 365 2623 8,
391 2549 444 2611 10.
482 2547 675 2626 'Sanciebnt,
706 2549 753 2626 (2)
774 2560 809 2611 ιιι
831 2549 886 2633 qui
909 2547 1095 2629 provincias
1118 2568 1159 2611 ex
1188 2550 1223 2612 S.
1251 2546 1293 2614 C.

30 2622 78 2726 l‘t‘
92 2637 267 2722 &omnnio
289 2639 463 2718 haberent,
486 2643 651 2726 imperium
666 2642 859 2719 retinerent,
884 2644 992 2727 quood
1008 2641 1041 2707 in
1061 2644 1172 2706 turbem
1190 2641 1294 2706 intro·

30 2735 102 2788 ¹⁸⁸1·
131 2734 213 2812 Quod
237 2737 311 2800 sine
339 2736 436 2802 dtnbio
458 2756 522 2801 non
546 2740 629 2800 hene
656 2738 717 2800 vim
741 2738 892 2812 habebat,
926 2747 962 2799 ut
982 2758 1024 2800 ex
1051 2737 1124 2822 lege
1150 2737 1211 2801 lunc
1234 2735 1294 2800 irn-
1396 2752 1400 2765 ·

31 2815 281 2906 remunerent,
317 2843 349 2893 et
373 2852 440 2894 rem
466 2829 630 2895 militarem
653 2832 810 2916 ottingene
832 2841 964 2913 possent
984 2842 1171 2913 praetores,
1206 2833 1295 2917 quod

35 2912 140 2979 With
155 2922 225 3010 lege
245 2926 427 3002 hebebant,
453 2928 509 2988 sed
534 2936 582 3002 nt,
613 2924 641 2988 si
663 2947 722 3009 per
747 2925 899 2989 curiatum
924 2926 1027 3009 legem
1049 2923 1216 3008 imperium
1239 2928 1297 2989 he·

32 2994 155 3086 212111,ἱά
172 3041 234 3083 non
258 3031 325 3082 tsrn
348 3019 403 3083 diu
423 3022 595 3095 heberent,
620 3022 726 3104 quond
747 3042 764 3083 e
786 3019 955 3101 provincis
974 3018 1201 3097 decessissent,
1223 3022 1293 3096 sed,

29 3102 135 3201 Nile
152 3115 258 3176 urbem
280 3113 481 3178 introissent.
527 3112 681 3178 Ceterum
697 3117 861 3196 quomodo
876 3114 907 3176 in
922 3116 984 3178 lunc
999 3114 1073 3199 legs
1089 3113 1296 3178 calumniatus

24 3196 174 3295 vippleis,
196 3207 266 3271 vid.
294 3208 360 3289 Ep.
384 3211 425 3271 nd
446 3209 522 3273 Div.
545 3208 575 3271 1.
599 3207 631 3271 9.
677 3206 732 3271 ct.
758 3206 872 3293 Sigon.
897 3210 936 3271 de
959 3209 1005 3272 A.
1028 3208 1058 3272 1.
1083 3208 1124 3291 P.
1154 3208 1220 3273 ttl.
1244 3211 1295 3274 tt.

23 3298 79 3349 Μ
97 3294 184 3364 fiten.
226 3304 275 3384 (3)
302 3302 348 3367 tte
374 3302 535 3367 tricesimo
561 3299 630 3379 die,
665 3312 834 3387 postquem
861 3302 894 3366 in
926 3300 1126 3383 provinciam
1155 3301 1297 3366 venisset

22 3392 151 3474 Quor,
168 3399 206 3462 de
228 3394 402 3481 provincie
425 3408 556 3479 praetor
577 3398 756 3462 decederet.
799 3396 884 3462 Ibid.
908 3397 979 3461 111.
1001 3399 1033 3462 0.
1064 3388 1150 3462 Eun.

138 3551 313 3622 Cosnems
334 3556 608 3623 testamentoria.

78 3671 186 3763 sAlque
210 3679 243 3743 in
266 3677 319 3742 his
346 3678 422 3762 ipsis
448 3680 543 3743 reltus
566 3678 664 3743 multe
691 3677 835 3743 ridemus
861 3676 906 3741 itn
932 3684 1040 3742 sancte
1062 3699 1132 3743 esse
1155 3678 1293 3764 legibus,

29 3758 104 3827 *Ut
112 3767 188 3836 tects
207 3773 240 3836 in
253 3773 409 3838 iudicium
428 3792 494 3837 non
509 3786 678 3838 vocentur.
723 3760 886 3838 Cornelia
901 3773 1181 3852 testamentario,
1206 3780 1298 3837 num-k
1388 3841 1391 3847 ,
1481 3790 1486 3799 ¹

30 3846 103 3935 *lu
121 3878 240 3932 ceterae
266 3867 469 3950 complures3
500 3862 534 3930 in
565 3866 680 3952 quibus
708 3866 846 3931 nonius
871 3866 1144 3951 aliquoduovum
1171 3868 1295 3950 populo

25 3948 187 4037 Qus,
211 3963 272 4025 sed
290 3960 450 4037 sancitur,
473 3970 528 4038 ut,
553 3962 641 4044 qnod
658 3981 785 4045 semper
806 3961 921 4024 malum
942 3960 1065 4024 lucinus
1087 3961 1202 4037 fuerit,
1228 3961 1295 4024 sisu

23 4044 121 4115 Μ
137 4056 175 4117 sd
195 4055 354 4138 populum
374 4054 533 4138 pertinent
558 4076 600 4118 ex
623 4065 714 4118 certo
737 4053 917 4138 tempore.'’
960 4056 1060 4120 Verr.
1088 4055 1148 4118 lib.
1178 4055 1206 4120 1.
1233 4054 1293 4131 12,

22 4126 71 4197 m·
83 4170 114 4190 ·-
130 4148 228 4229 ,Lex
253 4144 414 4213 Cornelio
433 4149 476 4212 de
487 4147 623 4239 salsis,
648 4168 733 4234 ques
750 4148 844 4213 enam
860 4149 1125 4213 testamentario
1145 4158 1292 4227 vocetur,

22 4236 112 4333 llfm
137 4238 265 4327 irroget
294 4241 342 4319 ei,
377 4241 433 4328 qui
461 4250 678 4308 testamentum
710 4243 765 4306 rel
797 4242 882 4306 eliud
909 4243 1151 4306 instrumentum
1179 4244 1310 4325 falsum,

22 4330 151 4425 Qut,
171 4335 369 4422 signaverit,
393 4335 595 4415 recitaverit,
619 4335 808 4413 subiecerit,
832 4337 928 4421 quive
944 4336 1070 4422 signum
1085 4335 1296 4401 adulterinum

22 4417 107 4499 urus,
126 4429 312 4512 sculpserit,
335 4430 532 4513 expresserit
553 4430 656 4495 sciens
679 4430 757 4499 dolo
783 4432 882 4497 malo.
926 4430 1070 4516 Eiusque
1090 4430 1174 4516 legis
1193 4452 1296 4514 poene

22 4522 138 4673 'vttq'qos
157 4522 302 4588 ultimum
322 4524 512 4609 supplicium
536 4537 603 4604 est,
625 4524 658 4589 in
679 4524 800 4590 liberos
823 4547 903 4592 vero
925 4522 1145 4609 deportatio.’'
1189 4524 1296 4589 Instit.

22 4616 57 4665 l·
110 4616 172 4687 sl·
1403 4648 1406 4653 ⁴
1437 4678 1442 4691 .

70 4700 139 4771 th.
158 4710 223 4777 lnt.
248 4712 344 4780 Pauli
365 4714 503 4798 Recept.
524 4713 750 4779 sententiarum
772 4713 816 4778 L.
841 4714 889 4779 V.
912 4712 981 4777 Tit.
1005 4713 1059 4778 23.
1088 4723 1120 4776 et
1139 4710 1186 4776 nti
1208 4710 1298 4775 viros

22 4780 100 4893 ΙΨ*
118 4808 196 4883 epod
216 4807 397 4894 schelling.
420 4828 455 4890 p.
478 4807 541 4872 013
562 4826 633 4896 seq.
666 4810 753 4876 Eun.
795 4808 890 4873 Hane
911 4808 1015 4894 legem
1033 4805 1153 4873 Cicero
1170 4803 1300 4889 respicit

22 4889 82 4948 *¹¹²⁰
99 4893 134 4957 le
152 4897 230 4966 Nat.
251 4900 355 4968 Deor.
377 4900 446 4969 ltl.
469 4902 529 4982 30,
553 4904 607 4968 ts.
