<?xml version="1.0" encoding="UTF-8"?>
<!DOCTYPE html PUBLIC "-//W3C//DTD XHTML 1.0 Transitional//EN"
    "http://www.w3.org/TR/xhtml1/DTD/xhtml1-transitional.dtd">
<html xmlns="http://www.w3.org/1999/xhtml" xml:lang="en" lang="en">
 <head>
  <title>
</title>
<meta http-equiv="Content-Type" content="text/html;charset=utf-8" />
  <meta name='ocr-system' content='tesseract 3.04.00' />
  <meta name='ocr-capabilities' content='ocr_page ocr_carea ocr_par ocr_line ocrx_word'/>
</head>
<body>
  <div class='ocr_page' id='page_1' title='image "./mtulliiciceroni01fabrgoog_0302.png"; bbox 0 0 3214 5586; ppageno 0'>
   <div class='ocr_carea' id='block_1_1' title="bbox 637 334 1478 479">
    <p class='ocr_par' dir='ltr' id='par_1_1' title="bbox 637 334 1478 479">
     <span class='ocr_line' id='line_1_1' title="bbox 637 334 1478 479; baseline -0.004 -22"><span class='ocrx_word' id='word_1_1' title='bbox 637 387 992 457; x_wconf 73' lang='lat' dir='ltr'>innexuerunt.</span> <span class='ocrx_word' id='word_1_2' title='bbox 1168 334 1177 349; x_wconf 62' lang='grc'><strong><em>’</em></strong></span> <span class='ocrx_word' id='word_1_3' title='bbox 1250 474 1256 479; x_wconf 39' lang='grc'><strong>,</strong></span> <span class='ocrx_word' id='word_1_4' title='bbox 1417 386 1478 454; x_wconf 84' lang='grc' dir='ltr'>ιιι</span> 
     </span>
    </p>
   </div>
   <div class='ocr_carea' id='block_1_2' title="bbox 149 504 1481 621">
    <p class='ocr_par' dir='ltr' id='par_1_2' title="bbox 149 504 1481 621">
     <span class='ocr_line' id='line_1_2' title="bbox 149 504 1481 621; baseline -0.005 -19"><span class='ocrx_word' id='word_1_5' title='bbox 149 535 324 610; x_wconf 78' lang='lat' dir='ltr'>invectus,</span> <span class='ocrx_word' id='word_1_6' title='bbox 351 536 464 621; x_wconf 80' lang='lat' dir='ltr'>legent</span> <span class='ocrx_word' id='word_1_7' title='bbox 500 504 722 616; x_wconf 30' lang='lat' dir='ltr'>promulgavit*</span> <span class='ocrx_word' id='word_1_8' title='bbox 762 542 824 605; x_wconf 79' lang='grc' dir='ltr'><strong>,ιιι</strong></span> <span class='ocrx_word' id='word_1_9' title='bbox 860 530 1008 616; x_wconf 72' lang='lat' dir='ltr'>quinque</span> <span class='ocrx_word' id='word_1_10' title='bbox 1045 528 1112 593; x_wconf 82' lang='lat' dir='ltr'>uiri</span> <span class='ocrx_word' id='word_1_11' title='bbox 1146 540 1308 593; x_wconf 82' lang='lat' dir='ltr'>creentur</span> <span class='ocrx_word' id='word_1_12' title='bbox 1343 528 1481 613; x_wconf 79' lang='lat' dir='ltr'>legibus</span> 
     </span>
    </p>
   </div>
   <div class='ocr_carea' id='block_1_3' title="bbox 147 623 1530 2417">
    <p class='ocr_par' dir='ltr' id='par_1_3' title="bbox 147 623 1481 1002">
     <span class='ocr_line' id='line_1_3' title="bbox 148 623 1478 715; baseline -0.007 -18"><span class='ocrx_word' id='word_1_13' title='bbox 148 634 190 697; x_wconf 81' lang='lat' dir='ltr'>de</span> <span class='ocrx_word' id='word_1_14' title='bbox 219 626 370 715; x_wconf 86' lang='lat' dir='ltr'>imperio</span> <span class='ocrx_word' id='word_1_15' title='bbox 392 630 572 695; x_wconf 83' lang='lat' dir='ltr'>consulari</span> <span class='ocrx_word' id='word_1_16' title='bbox 600 628 806 693; x_wconf 69' lang='lat' dir='ltr'>scribendis.</span> <span class='ocrx_word' id='word_1_17' title='bbox 848 629 936 712; x_wconf 84' lang='lat' dir='ltr'>quod</span> <span class='ocrx_word' id='word_1_18' title='bbox 969 625 1108 710; x_wconf 90' lang='lat' dir='ltr'>populus</span> <span class='ocrx_word' id='word_1_19' title='bbox 1138 623 1170 689; x_wconf 88' lang='lat' dir='ltr'>in</span> <span class='ocrx_word' id='word_1_20' title='bbox 1200 645 1235 687; x_wconf 89' lang='lat' dir='ltr'>se</span> <span class='ocrx_word' id='word_1_21' title='bbox 1263 625 1312 688; x_wconf 89' lang='lat' dir='ltr'>ius</span> <span class='ocrx_word' id='word_1_22' title='bbox 1339 625 1478 702; x_wconf 83' lang='lat' dir='ltr'>dederit,</span> 
     </span>
     <span class='ocr_line' id='line_1_4' title="bbox 147 719 1481 803; baseline -0.007 -10"><span class='ocrx_word' id='word_1_23' title='bbox 147 750 189 793; x_wconf 90' lang='lat' dir='ltr'>eo</span> <span class='ocrx_word' id='word_1_24' title='bbox 226 726 389 790; x_wconf 89' lang='lat' dir='ltr'>consulem</span> <span class='ocrx_word' id='word_1_25' title='bbox 417 746 578 801; x_wconf 82' lang='grc' dir='ltr'><strong>ιιιιιιιιιιι;</strong></span> <span class='ocrx_word' id='word_1_26' title='bbox 618 743 681 786; x_wconf 92' lang='lat' dir='ltr'>uon</span> <span class='ocrx_word' id='word_1_27' title='bbox 720 722 807 803; x_wconf 83' lang='lat' dir='ltr'>ipsos</span> <span class='ocrx_word' id='word_1_28' title='bbox 842 720 1002 785; x_wconf 83' lang='lat' dir='ltr'>libidinem</span> <span class='ocrx_word' id='word_1_29' title='bbox 1037 740 1074 782; x_wconf 82' lang='lat' dir='ltr'>sc</span> <span class='ocrx_word' id='word_1_30' title='bbox 1105 719 1261 782; x_wconf 73' lang='lat' dir='ltr'>licentiam</span> <span class='ocrx_word' id='word_1_31' title='bbox 1292 738 1381 781; x_wconf 90' lang='lat' dir='ltr'>suam</span> <span class='ocrx_word' id='word_1_32' title='bbox 1418 740 1481 801; x_wconf 86' lang='lat' dir='ltr'>pro</span> 
     </span>
     <span class='ocr_line' id='line_1_5' title="bbox 147 813 1479 924; baseline -0.004 -40"><span class='ocrx_word' id='word_1_33' title='bbox 147 820 219 904; x_wconf 79' lang='lat' dir='ltr'>lege</span> <span class='ocrx_word' id='word_1_34' title='bbox 242 818 443 883; x_wconf 47' lang='lat' dir='ltr'>habituros?</span> <span class='ocrx_word' id='word_1_35' title='bbox 489 818 553 881; x_wconf 85' lang='lat' dir='ltr'>Sed</span> <span class='ocrx_word' id='word_1_36' title='bbox 582 836 599 880; x_wconf 85' lang='lat' dir='ltr'>a</span> <span class='ocrx_word' id='word_1_37' title='bbox 628 828 739 881; x_wconf 86' lang='lat' dir='ltr'>senatu</span> <span class='ocrx_word' id='word_1_38' title='bbox 767 815 908 924; x_wconf 88' lang='lat' dir='ltr'>permoti</span> <span class='ocrx_word' id='word_1_39' title='bbox 936 814 1033 879; x_wconf 89' lang='lat' dir='ltr'>ceteri</span> <span class='ocrx_word' id='word_1_40' title='bbox 1062 813 1181 877; x_wconf 86' lang='lat' dir='ltr'>tribuni</span> <span class='ocrx_word' id='word_1_41' title='bbox 1203 833 1274 876; x_wconf 90' lang='lat' dir='ltr'>cum</span> <span class='ocrx_word' id='word_1_42' title='bbox 1298 813 1479 879; x_wconf 77' lang='lat' dir='ltr'>&#39;ferentillo</span> 
     </span>
     <span class='ocr_line' id='line_1_6' title="bbox 150 907 1481 1002; baseline -0.007 -22"><span class='ocrx_word' id='word_1_43' title='bbox 150 927 267 1002; x_wconf 80' lang='lat' dir='ltr'>agunt,</span> <span class='ocrx_word' id='word_1_44' title='bbox 292 912 480 997; x_wconf 85' lang='lat' dir='ltr'>dilataque</span> <span class='ocrx_word' id='word_1_45' title='bbox 471 934 504 977; x_wconf 90' lang='lat' dir='ltr'>m</span> <span class='ocrx_word' id='word_1_46' title='bbox 526 912 669 994; x_wconf 87' lang='lat' dir='ltr'>speciem</span> <span class='ocrx_word' id='word_1_47' title='bbox 687 912 787 983; x_wconf 87' lang='lat' dir='ltr'>actio,</span> <span class='ocrx_word' id='word_1_48' title='bbox 810 932 846 974; x_wconf 92' lang='lat' dir='ltr'>re</span> <span class='ocrx_word' id='word_1_49' title='bbox 868 911 938 995; x_wconf 85' lang='lat' dir='ltr'>ipsa</span> <span class='ocrx_word' id='word_1_50' title='bbox 959 909 1083 973; x_wconf 80' lang='lat' dir='ltr'>sublata</span> <span class='ocrx_word' id='word_1_51' title='bbox 1106 920 1164 977; x_wconf 92' lang='grc' dir='ltr'><strong>ιιι.</strong></span> <span class='ocrx_word' id='word_1_52' title='bbox 1187 908 1265 972; x_wconf 86' lang='lat' dir='ltr'>Liv.</span> <span class='ocrx_word' id='word_1_53' title='bbox 1290 907 1356 972; x_wconf 91' lang='grc' dir='ltr'><strong>ΙΙΙ.</strong></span> <span class='ocrx_word' id='word_1_54' title='bbox 1381 908 1413 971; x_wconf 98' lang='grc'><strong>9.</strong></span> <span class='ocrx_word' id='word_1_55' title='bbox 1437 939 1481 954; x_wconf 91' lang='grc'><strong>-</strong></span> 
     </span>
    </p>

    <p class='ocr_par' dir='ltr' id='par_1_4' title="bbox 148 1001 1530 2417">
     <span class='ocr_line' id='line_1_7' title="bbox 151 1001 1482 1093; baseline -0.007 -19.821"><span class='ocrx_word' id='word_1_56' title='bbox 151 1013 275 1093; x_wconf 80' lang='lat' dir='ltr'>„Anno</span> <span class='ocrx_word' id='word_1_57' title='bbox 304 1009 417 1073; x_wconf 88' lang='lat' dir='ltr'>deiude</span> <span class='ocrx_word' id='word_1_58' title='bbox 442 1006 621 1089; x_wconf 80' lang='lat' dir='ltr'>insequenti</span> <span class='ocrx_word' id='word_1_59' title='bbox 647 1007 696 1086; x_wconf 90' lang='grc' dir='ltr'><strong>(ιι.</strong></span> <span class='ocrx_word' id='word_1_60' title='bbox 727 1028 758 1069; x_wconf 93' lang='lat' dir='ltr'>c.</span> <span class='ocrx_word' id='word_1_61' title='bbox 788 1004 878 1084; x_wconf 88' lang='grc'><strong>292.)</strong></span> <span class='ocrx_word' id='word_1_62' title='bbox 907 1005 960 1068; x_wconf 84' lang='lat' dir='ltr'>lex</span> <span class='ocrx_word' id='word_1_63' title='bbox 990 1002 1181 1068; x_wconf 72' lang='lat' dir='ltr'>Tarentilla</span> <span class='ocrx_word' id='word_1_64' title='bbox 1214 1006 1254 1064; x_wconf 83' lang='lat' dir='ltr'>ab</span> <span class='ocrx_word' id='word_1_65' title='bbox 1284 1013 1354 1065; x_wconf 89' lang='lat' dir='ltr'>tuto</span> <span class='ocrx_word' id='word_1_66' title='bbox 1380 1001 1482 1064; x_wconf 80' lang='lat' dir='ltr'>relata</span> 
     </span>
     <span class='ocr_line' id='line_1_8' title="bbox 151 1094 1481 1189; baseline -0.008 -19"><span class='ocrx_word' id='word_1_67' title='bbox 151 1102 292 1189; x_wconf 80' lang='lat' dir='ltr'>collegio</span> <span class='ocrx_word' id='word_1_68' title='bbox 314 1123 421 1167; x_wconf 86' lang='lat' dir='ltr'>novos</span> <span class='ocrx_word' id='word_1_69' title='bbox 440 1122 596 1187; x_wconf 80' lang='lat' dir='ltr'>aggressa</span> <span class='ocrx_word' id='word_1_70' title='bbox 615 1100 762 1167; x_wconf 84' lang='lat' dir='ltr'>consules</span> <span class='ocrx_word' id='word_1_71' title='bbox 784 1111 848 1164; x_wconf 86' lang='grc' dir='ltr'><strong>ιιι.</strong></span> <span class='ocrx_word' id='word_1_72' title='bbox 870 1110 960 1162; x_wconf 80' lang='lat' dir='ltr'>eraut</span> <span class='ocrx_word' id='word_1_73' title='bbox 975 1094 1123 1162; x_wconf 77' lang='lat' dir='ltr'>consides</span> <span class='ocrx_word' id='word_1_74' title='bbox 1139 1098 1180 1162; x_wconf 90' lang='lat' dir='ltr'>P</span> <span class='ocrx_word' id='word_1_75' title='bbox 1194 1095 1389 1160; x_wconf 74' lang='lat' dir='ltr'>Volumnius</span> <span class='ocrx_word' id='word_1_76' title='bbox 1408 1096 1481 1159; x_wconf 86' lang='lat' dir='ltr'>Ser.</span> 
     </span>
     <span class='ocr_line' id='line_1_9' title="bbox 150 1170 1482 1295; baseline -0.008 -31"><span class='ocrx_word' id='word_1_77' title='bbox 150 1196 348 1280; x_wconf 72' lang='grc' dir='ltr'>διιΙρίιίιιι.υ</span> <span class='ocrx_word' id='word_1_78' title='bbox 392 1197 446 1262; x_wconf 87' lang='lat' dir='ltr'>Ob</span> <span class='ocrx_word' id='word_1_79' title='bbox 469 1195 558 1259; x_wconf 84' lang='lat' dir='ltr'>varia</span> <span class='ocrx_word' id='word_1_80' title='bbox 587 1193 782 1276; x_wconf 68' lang='lat' dir='ltr'>prodigia„</span> <span class='ocrx_word' id='word_1_81' title='bbox 790 1170 865 1257; x_wconf 89' lang='lat' dir='ltr'>libri</span> <span class='ocrx_word' id='word_1_82' title='bbox 888 1214 949 1276; x_wconf 88' lang='lat' dir='ltr'>per</span> <span class='ocrx_word' id='word_1_83' title='bbox 978 1191 1164 1256; x_wconf 80' lang='lat' dir='ltr'>duumviros</span> <span class='ocrx_word' id='word_1_84' title='bbox 1192 1212 1357 1295; x_wconf 84' lang='lat' dir='ltr'>sacrorpm</span> <span class='ocrx_word' id='word_1_85' title='bbox 1385 1190 1482 1254; x_wconf 85' lang='lat' dir='ltr'>aditi.</span> 
     </span>
     <span class='ocr_line' id='line_1_10' title="bbox 150 1271 1483 1368; baseline -0.007 -12"><span class='ocrx_word' id='word_1_86' title='bbox 150 1293 233 1356; x_wconf 86' lang='lat' dir='ltr'>inter</span> <span class='ocrx_word' id='word_1_87' title='bbox 254 1303 362 1357; x_wconf 77' lang='lat' dir='ltr'>cetere</span> <span class='ocrx_word' id='word_1_88' title='bbox 387 1292 558 1364; x_wconf 87' lang='lat' dir='ltr'>monitum,</span> <span class='ocrx_word' id='word_1_89' title='bbox 581 1302 617 1353; x_wconf 90' lang='lat' dir='ltr'>ut</span> <span class='ocrx_word' id='word_1_90' title='bbox 637 1287 849 1357; x_wconf 76' lang='lat' dir='ltr'>seditionibus</span> <span class='ocrx_word' id='word_1_91' title='bbox 871 1287 1104 1350; x_wconf 76' lang='lat' dir='ltr'>abstineretur.</span> <span class='ocrx_word' id='word_1_92' title='bbox 1130 1286 1163 1349; x_wconf 92' lang='lat' dir='ltr'>id</span> <span class='ocrx_word' id='word_1_93' title='bbox 1181 1286 1299 1348; x_wconf 83' lang='lat' dir='ltr'>lactum</span> <span class='ocrx_word' id='word_1_94' title='bbox 1310 1271 1392 1349; x_wconf 93' lang='lat' dir='ltr'>ad</span> <span class='ocrx_word' id='word_1_95' title='bbox 1382 1306 1483 1368; x_wconf 82' lang='lat' dir='ltr'>impe·</span> 
     </span>
     <span class='ocr_line' id='line_1_11' title="bbox 150 1377 1481 1467; baseline -0.007 -17"><span class='ocrx_word' id='word_1_96' title='bbox 150 1387 293 1450; x_wconf 81' lang='lat' dir='ltr'>diendam</span> <span class='ocrx_word' id='word_1_97' title='bbox 309 1387 414 1467; x_wconf 76' lang='lat' dir='ltr'>legem</span> <span class='ocrx_word' id='word_1_98' title='bbox 434 1384 554 1449; x_wconf 85' lang='lat' dir='ltr'>tribuni</span> <span class='ocrx_word' id='word_1_99' title='bbox 572 1383 838 1458; x_wconf 87' lang='lat' dir='ltr'>criminabantur,</span> <span class='ocrx_word' id='word_1_100' title='bbox 863 1382 1040 1467; x_wconf 82' lang='lat' dir='ltr'>ingensque</span> <span class='ocrx_word' id='word_1_101' title='bbox 1057 1382 1167 1444; x_wconf 82' lang='lat' dir='ltr'>aderet</span> <span class='ocrx_word' id='word_1_102' title='bbox 1185 1377 1370 1443; x_wconf 80' lang='lat' dir='ltr'>certamem&#39;</span> <span class='ocrx_word' id='word_1_103' title='bbox 1373 1378 1481 1444; x_wconf 77' lang='lat' dir='ltr'>’Lim</span> 
     </span>
     <span class='ocr_line' id='line_1_12' title="bbox 149 1472 1481 1560; baseline -0.006 -14"><span class='ocrx_word' id='word_1_104' title='bbox 149 1481 225 1546; x_wconf 90' lang='lat' dir='ltr'>lll.</span> <span class='ocrx_word' id='word_1_105' title='bbox 249 1483 301 1544; x_wconf 88' lang='grc'><strong>11).</strong></span> <span class='ocrx_word' id='word_1_106' title='bbox 347 1479 423 1559; x_wconf 84' lang='lat' dir='ltr'>Quo</span> <span class='ocrx_word' id='word_1_107' title='bbox 453 1476 625 1542; x_wconf 76' lang='lat' dir='ltr'>certamine</span> <span class='ocrx_word' id='word_1_108' title='bbox 654 1499 712 1560; x_wconf 92' lang='lat' dir='ltr'>per</span> <span class='ocrx_word' id='word_1_109' title='bbox 740 1477 822 1540; x_wconf 88' lang='lat' dir='ltr'>Vll.</span> <span class='ocrx_word' id='word_1_110' title='bbox 853 1497 953 1540; x_wconf 81' lang='lat' dir='ltr'>runos</span> <span class='ocrx_word' id='word_1_111' title='bbox 982 1495 1102 1538; x_wconf 76' lang='lat' dir='ltr'>summi</span> <span class='ocrx_word' id='word_1_112' title='bbox 1129 1472 1335 1556; x_wconf 86' lang='lat' dir='ltr'>contentione</span> <span class='ocrx_word' id='word_1_113' title='bbox 1366 1485 1481 1557; x_wconf 82' lang='lat' dir='ltr'>gesto,</span> 
     </span>
     <span class='ocr_line' id='line_1_13' title="bbox 149 1567 1482 1655; baseline -0.003 -19"><span class='ocrx_word' id='word_1_114' title='bbox 149 1574 275 1636; x_wconf 83' lang='lat' dir='ltr'>tandem</span> <span class='ocrx_word' id='word_1_115' title='bbox 297 1593 330 1637; x_wconf 78' lang='lat' dir='ltr'>a.</span> <span class='ocrx_word' id='word_1_116' title='bbox 353 1595 388 1639; x_wconf 90' lang='grc' dir='ltr'>ιι.</span> <span class='ocrx_word' id='word_1_117' title='bbox 411 1594 442 1636; x_wconf 93' lang='lat' dir='ltr'>c.</span> <span class='ocrx_word' id='word_1_118' title='bbox 465 1573 542 1638; x_wconf 90' lang='grc'><strong>299.</strong></span> <span class='ocrx_word' id='word_1_119' title='bbox 565 1570 711 1654; x_wconf 83' lang='lat' dir='ltr'>„abiecta</span> <span class='ocrx_word' id='word_1_120' title='bbox 734 1571 826 1654; x_wconf 78' lang='lat' dir='ltr'>lege,</span> <span class='ocrx_word' id='word_1_121' title='bbox 850 1588 933 1655; x_wconf 73' lang='lat' dir='ltr'>quiae</span> <span class='ocrx_word' id='word_1_122' title='bbox 949 1568 1151 1650; x_wconf 75' lang='lat' dir='ltr'>promulgata</span> <span class='ocrx_word' id='word_1_123' title='bbox 1171 1578 1400 1643; x_wconf 86' lang='lat' dir='ltr'>consenuerat,</span> <span class='ocrx_word' id='word_1_124' title='bbox 1424 1567 1482 1632; x_wconf 88' lang='lat' dir='ltr'>tri·</span> 
     </span>
     <span class='ocr_line' id='line_1_14' title="bbox 148 1661 1530 1751; baseline -0.004 -21"><span class='ocrx_word' id='word_1_125' title='bbox 148 1665 228 1730; x_wconf 88' lang='lat' dir='ltr'>buni</span> <span class='ocrx_word' id='word_1_126' title='bbox 250 1664 350 1729; x_wconf 86' lang='lat' dir='ltr'>lenius</span> <span class='ocrx_word' id='word_1_127' title='bbox 375 1688 473 1751; x_wconf 82' lang='lat' dir='ltr'>agere</span> <span class='ocrx_word' id='word_1_128' title='bbox 500 1666 757 1749; x_wconf 80' lang='lat' dir='ltr'>compatribus.</span> <span class='ocrx_word' id='word_1_129' title='bbox 780 1664 874 1728; x_wconf 84' lang='lat' dir='ltr'>linem</span> <span class='ocrx_word' id='word_1_130' title='bbox 897 1667 1024 1730; x_wconf 88' lang='lat' dir='ltr'>tandem</span> <span class='ocrx_word' id='word_1_131' title='bbox 1047 1661 1251 1726; x_wconf 83' lang='lat' dir='ltr'>certaminum</span> <span class='ocrx_word' id='word_1_132' title='bbox 1274 1661 1432 1729; x_wconf 88' lang='lat' dir='ltr'>lacerent.</span> <span class='ocrx_word' id='word_1_133' title='bbox 1455 1662 1484 1726; x_wconf 85' lang='lat' dir='ltr'>si</span> <span class='ocrx_word' id='word_1_134' title='bbox 1512 1690 1530 1739; x_wconf 63' lang='grc' dir='ltr'><strong>χ</strong></span> 
     </span>
     <span class='ocr_line' id='line_1_15' title="bbox 148 1757 1484 1845; baseline -0.001 -22"><span class='ocrx_word' id='word_1_135' title='bbox 148 1759 294 1845; x_wconf 80' lang='lat' dir='ltr'>plebeiae</span> <span class='ocrx_word' id='word_1_136' title='bbox 317 1760 406 1844; x_wconf 81' lang='lat' dir='ltr'>leges</span> <span class='ocrx_word' id='word_1_137' title='bbox 428 1760 650 1843; x_wconf 85' lang='lat' dir='ltr'>displicerent,</span> <span class='ocrx_word' id='word_1_138' title='bbox 676 1770 708 1822; x_wconf 89' lang='grc' dir='ltr'>ιι</span> <span class='ocrx_word' id='word_1_139' title='bbox 728 1759 775 1822; x_wconf 88' lang='lat' dir='ltr'>illi</span> <span class='ocrx_word' id='word_1_140' title='bbox 789 1760 999 1824; x_wconf 85' lang='lat' dir='ltr'>communiter</span> <span class='ocrx_word' id='word_1_141' title='bbox 1015 1758 1121 1842; x_wconf 84' lang='lat' dir='ltr'>legum</span> <span class='ocrx_word' id='word_1_142' title='bbox 1136 1757 1255 1820; x_wconf 87' lang='lat' dir='ltr'>latores</span> <span class='ocrx_word' id='word_1_143' title='bbox 1276 1766 1308 1818; x_wconf 89' lang='lat' dir='ltr'>et</span> <span class='ocrx_word' id='word_1_144' title='bbox 1328 1776 1369 1818; x_wconf 85' lang='lat' dir='ltr'>cx</span> <span class='ocrx_word' id='word_1_145' title='bbox 1389 1757 1484 1839; x_wconf 88' lang='lat' dir='ltr'>plebe</span> 
     </span>
     <span class='ocr_line' id='line_1_16' title="bbox 150 1850 1482 1939; baseline -0.002 -21"><span class='ocrx_word' id='word_1_146' title='bbox 150 1866 184 1918; x_wconf 87' lang='lat' dir='ltr'>et</span> <span class='ocrx_word' id='word_1_147' title='bbox 205 1876 246 1918; x_wconf 85' lang='lat' dir='ltr'>ex</span> <span class='ocrx_word' id='word_1_148' title='bbox 266 1856 433 1937; x_wconf 87' lang='lat' dir='ltr'>patribus,</span> <span class='ocrx_word' id='word_1_149' title='bbox 458 1855 510 1939; x_wconf 91' lang='lat' dir='ltr'>qui</span> <span class='ocrx_word' id='word_1_150' title='bbox 535 1854 679 1939; x_wconf 87' lang='lat' dir='ltr'>utrisque</span> <span class='ocrx_word' id='word_1_151' title='bbox 701 1853 788 1918; x_wconf 90' lang='lat' dir='ltr'>utilia</span> <span class='ocrx_word' id='word_1_152' title='bbox 809 1853 934 1918; x_wconf 74' lang='lat' dir='ltr'>ferrent</span> <span class='ocrx_word' id='word_1_153' title='bbox 955 1873 1100 1939; x_wconf 86' lang='lat' dir='ltr'>quaeque</span> <span class='ocrx_word' id='word_1_154' title='bbox 1122 1852 1304 1935; x_wconf 75' lang='lat' dir='ltr'>aequandae</span> <span class='ocrx_word' id='word_1_155' title='bbox 1325 1850 1482 1915; x_wconf 87' lang='lat' dir='ltr'>libertatis</span> 
     </span>
     <span class='ocr_line' id='line_1_17' title="bbox 151 1944 1484 2031; baseline -0.002 -18"><span class='ocrx_word' id='word_1_156' title='bbox 151 1960 274 2031; x_wconf 79' lang='grc' dir='ltr'><strong>ιιιιιιι,</strong></span> <span class='ocrx_word' id='word_1_157' title='bbox 303 1949 446 2012; x_wconf 83' lang='lat' dir='ltr'>sinerent</span> <span class='ocrx_word' id='word_1_158' title='bbox 464 1949 585 2013; x_wconf 87' lang='lat' dir='ltr'>creari.</span> <span class='ocrx_word' id='word_1_159' title='bbox 615 1970 682 2012; x_wconf 87' lang='lat' dir='ltr'>rem</span> <span class='ocrx_word' id='word_1_160' title='bbox 704 1968 768 2029; x_wconf 85' lang='lat' dir='ltr'>nou</span> <span class='ocrx_word' id='word_1_161' title='bbox 791 1951 1043 2031; x_wconf 80' lang='lat' dir='ltr'>aspernabantur</span> <span class='ocrx_word' id='word_1_162' title='bbox 1065 1958 1192 2027; x_wconf 74' lang='lat' dir='ltr'>patrcsz</span> <span class='ocrx_word' id='word_1_163' title='bbox 1225 1947 1371 2008; x_wconf 86' lang='lat' dir='ltr'>daturum</span> <span class='ocrx_word' id='word_1_164' title='bbox 1396 1944 1484 2030; x_wconf 83' lang='lat' dir='ltr'>leges</span> 
     </span>
     <span class='ocr_line' id='line_1_18' title="bbox 151 2038 1485 2128; baseline -0.001 -22"><span class='ocrx_word' id='word_1_165' title='bbox 151 2042 307 2107; x_wconf 85' lang='lat' dir='ltr'>neminem</span> <span class='ocrx_word' id='word_1_166' title='bbox 323 2043 384 2106; x_wconf 90' lang='lat' dir='ltr'>nisi</span> <span class='ocrx_word' id='word_1_167' title='bbox 406 2064 447 2106; x_wconf 86' lang='lat' dir='ltr'>ex</span> <span class='ocrx_word' id='word_1_168' title='bbox 468 2038 613 2126; x_wconf 85' lang='lat' dir='ltr'>patribus</span> <span class='ocrx_word' id='word_1_169' title='bbox 628 2042 777 2106; x_wconf 88' lang='lat' dir='ltr'>aiebant.</span> <span class='ocrx_word' id='word_1_170' title='bbox 799 2063 872 2106; x_wconf 90' lang='lat' dir='ltr'>cum</span> <span class='ocrx_word' id='word_1_171' title='bbox 886 2044 925 2105; x_wconf 90' lang='lat' dir='ltr'>dc</span> <span class='ocrx_word' id='word_1_172' title='bbox 945 2041 1071 2128; x_wconf 83' lang='lat' dir='ltr'>legibus</span> <span class='ocrx_word' id='word_1_173' title='bbox 1089 2039 1296 2115; x_wconf 81' lang='lat' dir='ltr'>conveniret,</span> <span class='ocrx_word' id='word_1_174' title='bbox 1321 2039 1485 2105; x_wconf 84' lang='lat' dir='ltr'>delatore</span> 
     </span>
     <span class='ocr_line' id='line_1_19' title="bbox 151 2134 1485 2222; baseline -0.001 -23"><span class='ocrx_word' id='word_1_175' title='bbox 151 2147 272 2199; x_wconf 82' lang='lat' dir='ltr'>tautum</span> <span class='ocrx_word' id='word_1_176' title='bbox 294 2137 509 2219; x_wconf 79' lang='lat' dir='ltr'>discreparet,</span> <span class='ocrx_word' id='word_1_177' title='bbox 534 2136 618 2200; x_wconf 84' lang='lat' dir='ltr'>missi</span> <span class='ocrx_word' id='word_1_178' title='bbox 642 2136 738 2222; x_wconf 82' lang='lat' dir='ltr'>legati</span> <span class='ocrx_word' id='word_1_179' title='bbox 758 2138 902 2201; x_wconf 80' lang='lat' dir='ltr'>Athenas</span> <span class='ocrx_word' id='word_1_180' title='bbox 926 2139 985 2219; x_wconf 89' lang='lat' dir='ltr'>Sp.</span> <span class='ocrx_word' id='word_1_181' title='bbox 1001 2135 1185 2201; x_wconf 85' lang='lat' dir='ltr'>Postumius</span> <span class='ocrx_word' id='word_1_182' title='bbox 1203 2136 1308 2198; x_wconf 86' lang='lat' dir='ltr'>Albus</span> <span class='ocrx_word' id='word_1_183' title='bbox 1323 2134 1369 2198; x_wconf 88' lang='grc' dir='ltr'><strong>Α.</strong></span> <span class='ocrx_word' id='word_1_184' title='bbox 1386 2134 1485 2198; x_wconf 87' lang='lat' dir='ltr'>Mau·</span> 
     </span>
     <span class='ocr_line' id='line_1_20' title="bbox 148 2228 1484 2316; baseline -0.002 -20"><span class='ocrx_word' id='word_1_185' title='bbox 148 2231 213 2297; x_wconf 86' lang='lat' dir='ltr'>lius</span> <span class='ocrx_word' id='word_1_186' title='bbox 235 2232 277 2295; x_wconf 87' lang='lat' dir='ltr'>P.</span> <span class='ocrx_word' id='word_1_187' title='bbox 302 2231 461 2314; x_wconf 81' lang='lat' dir='ltr'>Sulpicius</span> <span class='ocrx_word' id='word_1_188' title='bbox 484 2229 692 2305; x_wconf 87' lang='lat' dir='ltr'>Camerinus,</span> <span class='ocrx_word' id='word_1_189' title='bbox 721 2230 863 2316; x_wconf 90' lang='lat' dir='ltr'>iussique</span> <span class='ocrx_word' id='word_1_190' title='bbox 884 2229 1008 2293; x_wconf 81' lang='lat' dir='ltr'>inclitas</span> <span class='ocrx_word' id='word_1_191' title='bbox 1034 2232 1123 2315; x_wconf 81' lang='lat' dir='ltr'>leges</span> <span class='ocrx_word' id='word_1_192' title='bbox 1149 2228 1278 2294; x_wconf 88' lang='lat' dir='ltr'>Solonis</span> <span class='ocrx_word' id='word_1_193' title='bbox 1300 2229 1484 2293; x_wconf 84' lang='lat' dir='ltr'>describere</span> 
     </span>
     <span class='ocr_line' id='line_1_21' title="bbox 149 2321 1481 2417; baseline -0.002 -28"><span class='ocrx_word' id='word_1_194' title='bbox 149 2336 183 2389; x_wconf 88' lang='lat' dir='ltr'>et</span> <span class='ocrx_word' id='word_1_195' title='bbox 203 2325 337 2389; x_wconf 85' lang='lat' dir='ltr'>aliarum</span> <span class='ocrx_word' id='word_1_196' title='bbox 362 2324 518 2389; x_wconf 78' lang='lat' dir='ltr'>Graeciae</span> <span class='ocrx_word' id='word_1_197' title='bbox 540 2323 713 2389; x_wconf 82' lang='lat' dir='ltr'>civitatium</span> <span class='ocrx_word' id='word_1_198' title='bbox 736 2324 879 2389; x_wconf 82' lang='lat' dir='ltr'>instituta</span> <span class='ocrx_word' id='word_1_199' title='bbox 902 2345 1008 2389; x_wconf 84' lang='lat' dir='ltr'>mores</span> <span class='ocrx_word' id='word_1_200' title='bbox 1030 2324 1165 2417; x_wconf 77' lang='lat' dir='ltr'>iuraque</span> <span class='ocrx_word' id='word_1_201' title='bbox 1187 2323 1359 2389; x_wconf 85' lang='lat' dir='ltr'>noscere.&#39;&#39;</span> <span class='ocrx_word' id='word_1_202' title='bbox 1401 2321 1481 2387; x_wconf 81' lang='lat' dir='ltr'>Lir.</span> 
     </span>
    </p>
   </div>
   <div class='ocr_carea' id='block_1_4' title="bbox 149 2417 1257 2627">
    <p class='ocr_par' dir='ltr' id='par_1_5' title="bbox 149 2417 1257 2627">
     <span class='ocr_line' id='line_1_22' title="bbox 149 2417 924 2504; baseline -0.001 -21"><span class='ocrx_word' id='word_1_203' title='bbox 149 2419 217 2485; x_wconf 86' lang='lat'>111.</span> <span class='ocrx_word' id='word_1_204' title='bbox 239 2421 294 2484; x_wconf 81' lang='lat'>31.</span> <span class='ocrx_word' id='word_1_205' title='bbox 339 2417 439 2484; x_wconf 84' lang='lat' dir='ltr'>Coui.</span> <span class='ocrx_word' id='word_1_206' title='bbox 463 2418 564 2484; x_wconf 87' lang='lat' dir='ltr'>Dion.</span> <span class='ocrx_word' id='word_1_207' title='bbox 588 2418 766 2483; x_wconf 59' lang='lat' dir='ltr'>nutent.</span> <span class='ocrx_word' id='word_1_208' title='bbox 789 2420 806 2481; x_wconf 84' lang='lat'><strong>1</strong></span> <span class='ocrx_word' id='word_1_209' title='bbox 829 2440 924 2504; x_wconf 88' lang='lat' dir='ltr'>seqq.</span> 
     </span>
     <span class='ocr_line' id='line_1_23' title="bbox 381 2547 1257 2627; baseline 0.001 -14"><span class='ocrx_word' id='word_1_210' title='bbox 381 2551 714 2614; x_wconf 76' lang='grc' dir='ltr'><strong>Τιιιιιιιιιτιιιιιι</strong></span> <span class='ocrx_word' id='word_1_211' title='bbox 737 2550 915 2627; x_wconf 79' lang='lat' dir='ltr'>Cornelia,</span> <span class='ocrx_word' id='word_1_212' title='bbox 940 2548 1063 2627; x_wconf 76' lang='lat' dir='ltr'>Furia,</span> <span class='ocrx_word' id='word_1_213' title='bbox 1091 2547 1257 2616; x_wconf 81' lang='lat' dir='ltr'>Voconia.</span> 
     </span>
    </p>
   </div>
   <div class='ocr_carea' id='block_1_5' title="bbox 661 2681 977 2766">
    <p class='ocr_par' dir='ltr' id='par_1_6' title="bbox 661 2681 977 2766">
     <span class='ocr_line' id='line_1_24' title="bbox 661 2681 977 2766; baseline 0 -22"><span class='ocrx_word' id='word_1_214' title='bbox 661 2681 795 2746; x_wconf 80' lang='lat' dir='ltr'>&#39;suomi</span> <span class='ocrx_word' id='word_1_215' title='bbox 816 2681 977 2766; x_wconf 81' lang='lat' dir='ltr'>agraria.</span> 
     </span>
    </p>
   </div>
   <div class='ocr_carea' id='block_1_6' title="bbox 150 2788 1572 4955">
    <p class='ocr_par' dir='ltr' id='par_1_7' title="bbox 157 2788 1528 2971">
     <span class='ocr_line' id='line_1_25' title="bbox 239 2788 1484 2880; baseline 0 -20"><span class='ocrx_word' id='word_1_216' title='bbox 239 2797 321 2877; x_wconf 67' lang='lat' dir='ltr'>,sp</span> <span class='ocrx_word' id='word_1_217' title='bbox 337 2793 492 2859; x_wconf 78' lang='lat' dir='ltr'>Thorius</span> <span class='ocrx_word' id='word_1_218' title='bbox 504 2793 580 2858; x_wconf 83' lang='lat' dir='ltr'>satis</span> <span class='ocrx_word' id='word_1_219' title='bbox 602 2788 704 2857; x_wconf 85' lang='lat' dir='ltr'>valuit</span> <span class='ocrx_word' id='word_1_220' title='bbox 717 2793 749 2857; x_wconf 91' lang='lat' dir='ltr'>io</span> <span class='ocrx_word' id='word_1_221' title='bbox 764 2792 913 2877; x_wconf 87' lang='lat' dir='ltr'>populari</span> <span class='ocrx_word' id='word_1_222' title='bbox 928 2814 1046 2877; x_wconf 85' lang='lat' dir='ltr'>genere</span> <span class='ocrx_word' id='word_1_223' title='bbox 1063 2792 1205 2869; x_wconf 84' lang='lat' dir='ltr'>dicendi,</span> <span class='ocrx_word' id='word_1_224' title='bbox 1229 2793 1273 2868; x_wconf 90' lang='lat' dir='ltr'>is,</span> <span class='ocrx_word' id='word_1_225' title='bbox 1296 2793 1351 2880; x_wconf 91' lang='lat' dir='ltr'>qui</span> <span class='ocrx_word' id='word_1_226' title='bbox 1370 2815 1484 2879; x_wconf 80' lang='lat' dir='ltr'>agrum</span> 
     </span>
     <span class='ocr_line' id='line_1_26' title="bbox 157 2886 1528 2971; baseline 0.002 -22"><span class='ocrx_word' id='word_1_227' title='bbox 157 2886 317 2970; x_wconf 81' lang='lat' dir='ltr'>publicum</span> <span class='ocrx_word' id='word_1_228' title='bbox 338 2887 453 2953; x_wconf 83' lang='lat' dir='ltr'>vitiosa</span> <span class='ocrx_word' id='word_1_229' title='bbox 474 2899 506 2951; x_wconf 93' lang='lat' dir='ltr'>et</span> <span class='ocrx_word' id='word_1_230' title='bbox 527 2887 629 2951; x_wconf 88' lang='lat' dir='ltr'>inutili</span> <span class='ocrx_word' id='word_1_231' title='bbox 652 2889 726 2971; x_wconf 86' lang='lat' dir='ltr'>lege</span> <span class='ocrx_word' id='word_1_232' title='bbox 749 2886 898 2971; x_wconf 86' lang='lat' dir='ltr'>vectigali</span> <span class='ocrx_word' id='word_1_233' title='bbox 920 2886 1074 2951; x_wconf 81' lang='grc' dir='ltr'><strong>Ιινιτίι.”</strong></span> <span class='ocrx_word' id='word_1_234' title='bbox 1119 2888 1215 2951; x_wconf 87' lang='lat' dir='ltr'>Brut.</span> <span class='ocrx_word' id='word_1_235' title='bbox 1239 2888 1297 2965; x_wconf 85' lang='grc'>36,</span> <span class='ocrx_word' id='word_1_236' title='bbox 1321 2888 1397 2952; x_wconf 79' lang='grc'><strong>136.</strong></span> <span class='ocrx_word' id='word_1_237' title='bbox 1522 2894 1528 2899; x_wconf 88' lang='grc'><strong>’</strong></span> 
     </span>
    </p>

    <p class='ocr_par' dir='ltr' id='par_1_8' title="bbox 150 2979 1572 3620">
     <span class='ocr_line' id='line_1_27' title="bbox 242 2979 1484 3068; baseline 0.002 -24"><span class='ocrx_word' id='word_1_238' title='bbox 242 2982 329 3063; x_wconf 85' lang='lat' dir='ltr'>„Sed</span> <span class='ocrx_word' id='word_1_239' title='bbox 356 3003 397 3045; x_wconf 87' lang='lat' dir='ltr'>ex</span> <span class='ocrx_word' id='word_1_240' title='bbox 423 2981 473 3045; x_wconf 86' lang='lat' dir='ltr'>his</span> <span class='ocrx_word' id='word_1_241' title='bbox 499 2980 645 3046; x_wconf 83' lang='lat' dir='ltr'>omnibus</span> <span class='ocrx_word' id='word_1_242' title='bbox 668 2980 746 3044; x_wconf 85' lang='lat' dir='ltr'>nibil</span> <span class='ocrx_word' id='word_1_243' title='bbox 770 2982 869 3066; x_wconf 82' lang='lat' dir='ltr'>magis</span> <span class='ocrx_word' id='word_1_244' title='bbox 893 2979 1018 3044; x_wconf 89' lang='lat' dir='ltr'>ridetur</span> <span class='ocrx_word' id='word_1_245' title='bbox 1043 3002 1136 3066; x_wconf 88' lang='lat' dir='ltr'>qnam</span> <span class='ocrx_word' id='word_1_246' title='bbox 1162 2984 1250 3068; x_wconf 87' lang='lat' dir='ltr'>quod</span> <span class='ocrx_word' id='word_1_247' title='bbox 1278 2993 1326 3046; x_wconf 88' lang='lat' dir='ltr'>est</span> <span class='ocrx_word' id='word_1_248' title='bbox 1355 2992 1484 3065; x_wconf 82' lang='lat' dir='ltr'>praeter</span> 
     </span>
     <span class='ocr_line' id='line_1_28' title="bbox 156 3073 1484 3159; baseline 0.002 -18"><span class='ocrx_word' id='word_1_249' title='bbox 156 3075 446 3159; x_wconf 84' lang='lat' dir='ltr'>exspectationem:</span> <span class='ocrx_word' id='word_1_250' title='bbox 472 3076 560 3139; x_wconf 91' lang='lat' dir='ltr'>cuius</span> <span class='ocrx_word' id='word_1_251' title='bbox 578 3075 820 3140; x_wconf 83' lang='lat' dir='ltr'>innumerabilia</span> <span class='ocrx_word' id='word_1_252' title='bbox 842 3087 915 3140; x_wconf 87' lang='grc' dir='ltr'><strong>ιιιιιι</strong></span> <span class='ocrx_word' id='word_1_253' title='bbox 938 3078 1103 3159; x_wconf 81' lang='lat' dir='ltr'>exempla,</span> <span class='ocrx_word' id='word_1_254' title='bbox 1128 3078 1216 3140; x_wconf 82' lang='lat' dir='ltr'>velut</span> <span class='ocrx_word' id='word_1_255' title='bbox 1235 3073 1335 3159; x_wconf 84' lang='lat' dir='ltr'>Appii</span> <span class='ocrx_word' id='word_1_256' title='bbox 1356 3077 1484 3143; x_wconf 83' lang='lat' dir='ltr'>maioris</span> 
     </span>
     <span class='ocr_line' id='line_1_29' title="bbox 152 3169 1481 3257; baseline -0.001 -21"><span class='ocrx_word' id='word_1_257' title='bbox 152 3171 253 3248; x_wconf 86' lang='lat' dir='ltr'>illius,</span> <span class='ocrx_word' id='word_1_258' title='bbox 276 3170 333 3257; x_wconf 87' lang='lat' dir='ltr'>qui</span> <span class='ocrx_word' id='word_1_259' title='bbox 354 3170 387 3233; x_wconf 92' lang='lat' dir='ltr'>in</span> <span class='ocrx_word' id='word_1_260' title='bbox 408 3181 536 3243; x_wconf 86' lang='grc' dir='ltr'><strong>ιιιιιιιι,</strong></span> <span class='ocrx_word' id='word_1_261' title='bbox 560 3191 630 3233; x_wconf 90' lang='lat' dir='ltr'>cum</span> <span class='ocrx_word' id='word_1_262' title='bbox 650 3181 802 3253; x_wconf 80' lang='lat' dir='ltr'>ageretur</span> <span class='ocrx_word' id='word_1_263' title='bbox 819 3171 858 3233; x_wconf 86' lang='lat' dir='ltr'>dc</span> <span class='ocrx_word' id='word_1_264' title='bbox 878 3169 965 3255; x_wconf 78' lang='lat' dir='ltr'>agris</span> <span class='ocrx_word' id='word_1_265' title='bbox 980 3171 1117 3253; x_wconf 89' lang='lat' dir='ltr'>publicis</span> <span class='ocrx_word' id='word_1_266' title='bbox 1136 3182 1168 3235; x_wconf 89' lang='lat' dir='ltr'>et</span> <span class='ocrx_word' id='word_1_267' title='bbox 1188 3173 1227 3234; x_wconf 90' lang='lat' dir='ltr'>de</span> <span class='ocrx_word' id='word_1_268' title='bbox 1246 3171 1319 3257; x_wconf 84' lang='lat' dir='ltr'>lege</span> <span class='ocrx_word' id='word_1_269' title='bbox 1335 3172 1481 3249; x_wconf 76' lang='lat' dir='ltr'>Thoria,</span> 
     </span>
     <span class='ocr_line' id='line_1_30' title="bbox 151 3263 1485 3351; baseline 0.001 -21"><span class='ocrx_word' id='word_1_270' title='bbox 151 3277 184 3330; x_wconf 90' lang='lat' dir='ltr'>et</span> <span class='ocrx_word' id='word_1_271' title='bbox 205 3276 407 3348; x_wconf 88' lang='lat' dir='ltr'>premeretur</span> <span class='ocrx_word' id='word_1_272' title='bbox 428 3263 574 3328; x_wconf 85' lang='lat' dir='ltr'>Lucilius</span> <span class='ocrx_word' id='word_1_273' title='bbox 596 3265 637 3327; x_wconf 79' lang='lat' dir='ltr'>ab</span> <span class='ocrx_word' id='word_1_274' title='bbox 659 3265 713 3340; x_wconf 88' lang='lat' dir='ltr'>iis,</span> <span class='ocrx_word' id='word_1_275' title='bbox 735 3264 792 3347; x_wconf 86' lang='lat' dir='ltr'>qui</span> <span class='ocrx_word' id='word_1_276' title='bbox 808 3286 824 3327; x_wconf 85' lang='grc' dir='ltr'>ι</span> <span class='ocrx_word' id='word_1_277' title='bbox 843 3285 963 3348; x_wconf 82' lang='grc' dir='ltr'><strong>ριιοιι</strong></span> <span class='ocrx_word' id='word_1_278' title='bbox 985 3266 1054 3329; x_wconf 88' lang='lat' dir='ltr'>eius</span> <span class='ocrx_word' id='word_1_279' title='bbox 1076 3265 1203 3349; x_wconf 89' lang='lat' dir='ltr'>depasci</span> <span class='ocrx_word' id='word_1_280' title='bbox 1217 3286 1317 3351; x_wconf 83' lang='lat' dir='ltr'>agros</span> <span class='ocrx_word' id='word_1_281' title='bbox 1336 3267 1485 3347; x_wconf 86' lang='lat' dir='ltr'>publicos</span> 
     </span>
     <span class='ocr_line' id='line_1_31' title="bbox 151 3356 1485 3441; baseline 0.001 -18"><span class='ocrx_word' id='word_1_282' title='bbox 151 3359 310 3434; x_wconf 84' lang='lat' dir='ltr'>dicerent,</span> <span class='ocrx_word' id='word_1_283' title='bbox 344 3361 428 3424; x_wconf 88' lang='lat' dir='ltr'>Non</span> <span class='ocrx_word' id='word_1_284' title='bbox 455 3368 526 3431; x_wconf 84' lang='lat' dir='ltr'>est,</span> <span class='ocrx_word' id='word_1_285' title='bbox 555 3356 676 3441; x_wconf 87' lang='lat' dir='ltr'>inquit,</span> <span class='ocrx_word' id='word_1_286' title='bbox 705 3359 831 3423; x_wconf 82' lang='lat' dir='ltr'>Lucilii</span> <span class='ocrx_word' id='word_1_287' title='bbox 858 3379 962 3441; x_wconf 86' lang='lat' dir='ltr'>pecus</span> <span class='ocrx_word' id='word_1_288' title='bbox 984 3359 1088 3423; x_wconf 78' lang='lat' dir='ltr'>iliud:</span> <span class='ocrx_word' id='word_1_289' title='bbox 1120 3360 1266 3424; x_wconf 80' lang='lat' dir='ltr'>errotis:</span> <span class='ocrx_word' id='word_1_290' title='bbox 1299 3359 1485 3440; x_wconf 79' lang='lat' dir='ltr'>(defendere</span> 
     </span>
     <span class='ocr_line' id='line_1_32' title="bbox 150 3450 1572 3539; baseline 0.003 -24"><span class='ocrx_word' id='word_1_291' title='bbox 150 3452 313 3516; x_wconf 87' lang='lat' dir='ltr'>Lucilium</span> <span class='ocrx_word' id='word_1_292' title='bbox 336 3450 504 3515; x_wconf 83' lang='lat' dir='ltr'>videbatur</span> <span class='ocrx_word' id='word_1_293' title='bbox 513 3454 537 3532; x_wconf 82' lang='grc' dir='ltr'>ι)</span> <span class='ocrx_word' id='word_1_294' title='bbox 558 3472 624 3535; x_wconf 82' lang='lat' dir='ltr'>ego</span> <span class='ocrx_word' id='word_1_295' title='bbox 646 3451 791 3516; x_wconf 84' lang='lat' dir='ltr'>liberum</span> <span class='ocrx_word' id='word_1_296' title='bbox 807 3465 896 3536; x_wconf 85' lang='lat' dir='ltr'>puto</span> <span class='ocrx_word' id='word_1_297' title='bbox 917 3474 1009 3527; x_wconf 72' lang='lat' dir='ltr'>esser</span> <span class='ocrx_word' id='word_1_298' title='bbox 1029 3475 1099 3539; x_wconf 78' lang='lat' dir='ltr'>quo</span> <span class='ocrx_word' id='word_1_299' title='bbox 1118 3454 1210 3517; x_wconf 82' lang='lat' dir='ltr'>lubet</span> <span class='ocrx_word' id='word_1_300' title='bbox 1226 3453 1423 3537; x_wconf 80' lang='lat' dir='ltr'>pascitur.”</span> <span class='ocrx_word' id='word_1_301' title='bbox 1446 3457 1486 3520; x_wconf 91' lang='lat' dir='ltr'>de</span> <span class='ocrx_word' id='word_1_302' title='bbox 1570 3508 1572 3519; x_wconf 86' lang='grc'><strong>,</strong></span> 
     </span>
     <span class='ocr_line' id='line_1_33' title="bbox 155 3545 915 3620; baseline 0 -9"><span class='ocrx_word' id='word_1_303' title='bbox 155 3548 253 3611; x_wconf 86' lang='lat' dir='ltr'>Orat.</span> <span class='ocrx_word' id='word_1_304' title='bbox 277 3545 327 3610; x_wconf 89' lang='grc' dir='ltr'><strong>ΙΙ.</strong></span> <span class='ocrx_word' id='word_1_305' title='bbox 352 3548 409 3620; x_wconf 82' lang='lat' dir='ltr'>to,</span> <span class='ocrx_word' id='word_1_306' title='bbox 433 3545 508 3609; x_wconf 87' lang='grc'><strong>281.</strong></span> <span class='ocrx_word' id='word_1_307' title='bbox 911 3604 915 3611; x_wconf 92' lang='grc'><strong>.</strong></span> 
     </span>
    </p>

    <p class='ocr_par' dir='ltr' id='par_1_9' title="bbox 153 3637 1486 3914">
     <span class='ocr_line' id='line_1_34' title="bbox 239 3637 1486 3725; baseline 0.002 -21"><span class='ocrx_word' id='word_1_308' title='bbox 239 3641 290 3704; x_wconf 86' lang='grc' dir='ltr'>Ει</span> <span class='ocrx_word' id='word_1_309' title='bbox 314 3637 469 3702; x_wconf 71' lang='lat' dir='ltr'>canutum</span> <span class='ocrx_word' id='word_1_310' title='bbox 491 3650 557 3717; x_wconf 87' lang='lat' dir='ltr'>est,</span> <span class='ocrx_word' id='word_1_311' title='bbox 589 3661 629 3705; x_wconf 89' lang='grc' dir='ltr'>ιιι</span> <span class='ocrx_word' id='word_1_312' title='bbox 655 3640 743 3725; x_wconf 89' lang='lat' dir='ltr'>quis,</span> <span class='ocrx_word' id='word_1_313' title='bbox 771 3640 827 3725; x_wconf 91' lang='lat' dir='ltr'>qui</span> <span class='ocrx_word' id='word_1_314' title='bbox 855 3661 967 3725; x_wconf 73' lang='lat' dir='ltr'>agruim</span> <span class='ocrx_word' id='word_1_315' title='bbox 995 3640 1157 3722; x_wconf 88' lang='lat' dir='ltr'>publicum</span> <span class='ocrx_word' id='word_1_316' title='bbox 1179 3638 1211 3703; x_wconf 90' lang='grc' dir='ltr'>ίιι</span> <span class='ocrx_word' id='word_1_317' title='bbox 1234 3640 1326 3705; x_wconf 82' lang='lat' dir='ltr'>Italia</span> <span class='ocrx_word' id='word_1_318' title='bbox 1352 3663 1370 3704; x_wconf 89' lang='lat' dir='ltr'>a</span> <span class='ocrx_word' id='word_1_319' title='bbox 1393 3655 1486 3707; x_wconf 89' lang='lat' dir='ltr'>certo</span> 
     </span>
     <span class='ocr_line' id='line_1_35' title="bbox 153 3732 1485 3841; baseline 0.004 -43"><span class='ocrx_word' id='word_1_320' title='bbox 153 3746 302 3841; x_wconf 81' lang='lat' dir='ltr'>ternpore</span> <span class='ocrx_word' id='word_1_321' title='bbox 329 3732 525 3815; x_wconf 87' lang='lat' dir='ltr'>possideret,</span> <span class='ocrx_word' id='word_1_322' title='bbox 561 3734 700 3818; x_wconf 80' lang='lat' dir='ltr'>vectigal</span> <span class='ocrx_word' id='word_1_323' title='bbox 723 3736 877 3816; x_wconf 86' lang='lat' dir='ltr'>penderet</span> <span class='ocrx_word' id='word_1_324' title='bbox 899 3733 1089 3816; x_wconf 83' lang='lat' dir='ltr'>publicanis.</span> <span class='ocrx_word' id='word_1_325' title='bbox 1143 3733 1311 3818; x_wconf 83' lang='lat' dir='ltr'>Appianus</span> <span class='ocrx_word' id='word_1_326' title='bbox 1333 3736 1374 3799; x_wconf 89' lang='lat' dir='ltr'>de</span> <span class='ocrx_word' id='word_1_327' title='bbox 1396 3736 1485 3803; x_wconf 87' lang='lat' dir='ltr'>hello</span> 
     </span>
     <span class='ocr_line' id='line_1_36' title="bbox 154 3826 1385 3914; baseline 0.002 -23"><span class='ocrx_word' id='word_1_328' title='bbox 154 3828 221 3891; x_wconf 85' lang='lat' dir='ltr'>civ.</span> <span class='ocrx_word' id='word_1_329' title='bbox 245 3827 302 3890; x_wconf 89' lang='lat' dir='ltr'>lib.</span> <span class='ocrx_word' id='word_1_330' title='bbox 325 3827 355 3890; x_wconf 92' lang='lat'>1.</span> <span class='ocrx_word' id='word_1_331' title='bbox 381 3847 416 3908; x_wconf 92' lang='lat' dir='ltr'>p.</span> <span class='ocrx_word' id='word_1_332' title='bbox 441 3827 511 3892; x_wconf 81' lang='grc'><strong>623.</strong></span> <span class='ocrx_word' id='word_1_333' title='bbox 537 3826 583 3911; x_wconf 92' lang='lat' dir='ltr'>[.c</span> <span class='ocrx_word' id='word_1_334' title='bbox 606 3828 675 3912; x_wconf 83' lang='grc'><strong>27.]</strong></span> <span class='ocrx_word' id='word_1_335' title='bbox 700 3832 738 3891; x_wconf 90' lang='lat' dir='ltr'>de</span> <span class='ocrx_word' id='word_1_336' title='bbox 760 3830 820 3891; x_wconf 84' lang='lat' dir='ltr'>hae</span> <span class='ocrx_word' id='word_1_337' title='bbox 843 3827 945 3914; x_wconf 86' lang='lat' dir='ltr'>lege</span> <span class='ocrx_word' id='word_1_338' title='bbox 937 3840 998 3892; x_wconf 79' lang='lat' dir='ltr'>tta:</span> <span class='ocrx_word' id='word_1_339' title='bbox 1382 3884 1385 3893; x_wconf 83' lang='lat'>.</span> 
     </span>
    </p>

    <p class='ocr_par' dir='ltr' id='par_1_10' title="bbox 154 3913 1489 4955">
     <span class='ocr_line' id='line_1_37' title="bbox 238 3913 1486 4035; baseline 0.002 -48"><span class='ocrx_word' id='word_1_340' title='bbox 238 3914 349 3988; x_wconf 81' lang='lat' dir='ltr'>Knl‘</span> <span class='ocrx_word' id='word_1_341' title='bbox 331 3946 351 4001; x_wconf 93' lang='grc' dir='ltr'><strong>η</strong></span> <span class='ocrx_word' id='word_1_342' title='bbox 374 3913 492 3999; x_wconf 79' lang='grc' dir='ltr'><strong>στάσις</strong></span> <span class='ocrx_word' id='word_1_343' title='bbox 512 3916 532 4001; x_wconf 82' lang='grc' dir='ltr'>ἡ</span> <span class='ocrx_word' id='word_1_344' title='bbox 558 3923 616 3989; x_wconf 87' lang='grc' dir='ltr'><strong>τοῦ</strong></span> <span class='ocrx_word' id='word_1_345' title='bbox 633 3924 793 4031; x_wconf 82' lang='grc' dir='ltr'><strong><em>δευτέρου</em></strong></span> <span class='ocrx_word' id='word_1_346' title='bbox 813 3918 966 4035; x_wconf 81' lang='grc' dir='ltr'><strong>Ιριίκχου</strong></span> <span class='ocrx_word' id='word_1_347' title='bbox 987 3922 1020 3999; x_wconf 82' lang='grc' dir='ltr'>ές</span> <span class='ocrx_word' id='word_1_348' title='bbox 1041 3916 1119 3987; x_wconf 78' lang='grc' dir='ltr'><strong>τάδε</strong></span> <span class='ocrx_word' id='word_1_349' title='bbox 1141 3921 1247 4008; x_wconf 79' lang='grc' dir='ltr'><strong>ἔληγε.</strong></span> <span class='ocrx_word' id='word_1_350' title='bbox 1268 3917 1395 4030; x_wconf 38' lang='grc' dir='ltr'><strong>νόμος,</strong></span> <span class='ocrx_word' id='word_1_351' title='bbox 1391 3946 1425 3989; x_wconf 87' lang='grc' dir='ltr'>τι</span> <span class='ocrx_word' id='word_1_352' title='bbox 1447 3918 1486 3991; x_wconf 82' lang='grc' dir='ltr'>οὗ</span> 
     </span>
     <span class='ocr_line' id='line_1_38' title="bbox 154 4005 1488 4134; baseline 0.001 -52"><span class='ocrx_word' id='word_1_353' title='bbox 154 4007 273 4082; x_wconf 84' lang='grc' dir='ltr'><strong>πολίι’</strong></span> <span class='ocrx_word' id='word_1_354' title='bbox 253 4038 390 4103; x_wconf 85' lang='grc' dir='ltr'><strong>υστερον</strong></span> <span class='ocrx_word' id='word_1_355' title='bbox 404 4007 577 4125; x_wconf 85' lang='grc' dir='ltr'><strong>έκυριίθη,</strong></span> <span class='ocrx_word' id='word_1_356' title='bbox 597 4012 720 4097; x_wconf 76' lang='grc' dir='ltr'>Τὴν</span> <span class='ocrx_word' id='word_1_357' title='bbox 678 4041 764 4134; x_wconf 64' lang='grc' dir='ltr'><strong>νην,</strong></span> <span class='ocrx_word' id='word_1_358' title='bbox 777 4012 860 4103; x_wconf 75' lang='grc' dir='ltr'><strong>ὑπὲρ</strong></span> <span class='ocrx_word' id='word_1_359' title='bbox 880 4005 918 4096; x_wconf 78' lang='grc' dir='ltr'>ἧς</span> <span class='ocrx_word' id='word_1_360' title='bbox 932 4018 1139 4103; x_wconf 81' lang='grc' dir='ltr'><strong>διεφέροντο,</strong></span> <span class='ocrx_word' id='word_1_361' title='bbox 1161 4015 1278 4097; x_wconf 81' lang='grc' dir='ltr'><strong>έξιίναι</strong></span> <span class='ocrx_word' id='word_1_362' title='bbox 1291 4010 1488 4123; x_wconf 72' lang='grc' dir='ltr'><strong>πιπράσκειν</strong></span> 
     </span>
     <span class='ocr_line' id='line_1_39' title="bbox 155 4103 1488 4225; baseline 0.003 -52"><span class='ocrx_word' id='word_1_363' title='bbox 155 4113 225 4186; x_wconf 80' lang='grc' dir='ltr'><strong>τοῖς</strong></span> <span class='ocrx_word' id='word_1_364' title='bbox 247 4108 392 4225; x_wconf 73' lang='grc' dir='ltr'><strong>ἔχουσιν</strong></span> <span class='ocrx_word' id='word_1_365' title='bbox 412 4103 595 4219; x_wconf 61' lang='lat' dir='ltr'>(incipero</span> <span class='ocrx_word' id='word_1_366' title='bbox 614 4107 680 4218; x_wconf 78' lang='grc' dir='ltr'>γὰρ</span> <span class='ocrx_word' id='word_1_367' title='bbox 704 4112 738 4176; x_wconf 81' lang='grc' dir='ltr'>ἐκ</span> <span class='ocrx_word' id='word_1_368' title='bbox 761 4105 913 4219; x_wconf 80' lang='grc' dir='ltr'><strong>Ιρσίκχου</strong></span> <span class='ocrx_word' id='word_1_369' title='bbox 938 4109 997 4174; x_wconf 87' lang='grc' dir='ltr'><strong>τοῦ</strong></span> <span class='ocrx_word' id='word_1_370' title='bbox 1026 4112 1188 4197; x_wconf 81' lang='grc' dir='ltr'><em>προτέρου</em></span> <span class='ocrx_word' id='word_1_371' title='bbox 1216 4114 1273 4175; x_wconf 80' lang='grc' dir='ltr'><strong>καὶ</strong></span> <span class='ocrx_word' id='word_1_372' title='bbox 1299 4104 1404 4189; x_wconf 84' lang='grc' dir='ltr'><strong>τόὸι.)</strong></span> <span class='ocrx_word' id='word_1_373' title='bbox 1432 4116 1488 4179; x_wconf 81' lang='grc' dir='ltr'><strong>καί</strong></span> 
     </span>
     <span class='ocr_line' id='line_1_40' title="bbox 155 4196 1489 4316; baseline -0.001 -46"><span class='ocrx_word' id='word_1_374' title='bbox 155 4198 311 4280; x_wconf 77' lang='grc' dir='ltr'><strong>ειίθυς“</strong></span> <span class='ocrx_word' id='word_1_375' title='bbox 281 4227 311 4268; x_wconf 89' lang='grc' dir='ltr'>σι</span> <span class='ocrx_word' id='word_1_376' title='bbox 336 4196 491 4268; x_wconf 85' lang='grc' dir='ltr'><strong>πλουσιοι</strong></span> <span class='ocrx_word' id='word_1_377' title='bbox 509 4199 602 4291; x_wconf 81' lang='grc' dir='ltr'><strong>παρὰ</strong></span> <span class='ocrx_word' id='word_1_378' title='bbox 628 4205 692 4271; x_wconf 79' lang='grc' dir='ltr'><strong>τῶν</strong></span> <span class='ocrx_word' id='word_1_379' title='bbox 714 4197 869 4314; x_wconf 79' lang='grc' dir='ltr'><em>πενήτων</em></span> <span class='ocrx_word' id='word_1_380' title='bbox 884 4202 1094 4278; x_wconf 73' lang='lat' dir='ltr'>introiero,</span> <span class='ocrx_word' id='word_1_381' title='bbox 1081 4228 1102 4283; x_wconf 95' lang='grc' dir='ltr'><strong>η</strong></span> <span class='ocrx_word' id='word_1_382' title='bbox 1126 4204 1239 4270; x_wconf 84' lang='grc' dir='ltr'><strong>ταισδι</strong></span> <span class='ocrx_word' id='word_1_383' title='bbox 1265 4211 1337 4282; x_wconf 84' lang='grc' dir='ltr'><strong>ταῖς</strong></span> <span class='ocrx_word' id='word_1_384' title='bbox 1354 4198 1489 4316; x_wconf 75' lang='grc' dir='ltr'><strong>προφά-</strong></span> 
     </span>
     <span class='ocr_line' id='line_1_41' title="bbox 156 4291 1489 4410; baseline 0.001 -45"><span class='ocrx_word' id='word_1_385' title='bbox 156 4320 248 4365; x_wconf 81' lang='grc' dir='ltr'><strong>σεσιν</strong></span> <span class='ocrx_word' id='word_1_386' title='bbox 268 4291 455 4381; x_wconf 76' lang='grc' dir='ltr'><strong>ἐβιάζοντο.</strong></span> <span class='ocrx_word' id='word_1_387' title='bbox 478 4302 534 4362; x_wconf 79' lang='grc' dir='ltr'><strong>καὶ</strong></span> <span class='ocrx_word' id='word_1_388' title='bbox 548 4298 663 4385; x_wconf 79' lang='grc' dir='ltr'><strong>περιῆν</strong></span> <span class='ocrx_word' id='word_1_389' title='bbox 677 4299 710 4375; x_wconf 88' lang='grc' dir='ltr'>ές</span> <span class='ocrx_word' id='word_1_390' title='bbox 718 4304 829 4385; x_wconf 81' lang='grc' dir='ltr'><strong>χειρον</strong></span> <span class='ocrx_word' id='word_1_391' title='bbox 850 4295 898 4364; x_wconf 83' lang='grc' dir='ltr'>ἔτι</span> <span class='ocrx_word' id='word_1_392' title='bbox 918 4302 986 4376; x_wconf 81' lang='grc' dir='ltr'><strong>τοῖς</strong></span> <span class='ocrx_word' id='word_1_393' title='bbox 1007 4302 1135 4380; x_wconf 80' lang='grc' dir='ltr'><strong>πένησι</strong></span> <span class='ocrx_word' id='word_1_394' title='bbox 1156 4304 1252 4387; x_wconf 85' lang='grc' dir='ltr'><strong>μέχρι</strong></span> <span class='ocrx_word' id='word_1_395' title='bbox 1270 4297 1489 4410; x_wconf 80' lang='grc' dir='ltr'><strong>Σπούριος</strong></span> 
     </span>
     <span class='ocr_line' id='line_1_42' title="bbox 156 4386 1488 4505; baseline 0.002 -47"><span class='ocrx_word' id='word_1_396' title='bbox 156 4387 314 4479; x_wconf 87' lang='grc' dir='ltr'><strong>Βόριος</strong></span> <span class='ocrx_word' id='word_1_397' title='bbox 334 4391 414 4475; x_wconf 81' lang='lat' dir='ltr'>(leg.</span> <span class='ocrx_word' id='word_1_398' title='bbox 440 4386 602 4479; x_wconf 80' lang='grc' dir='ltr'><strong>Θόριος)</strong></span> <span class='ocrx_word' id='word_1_399' title='bbox 624 4392 799 4505; x_wconf 78' lang='grc' dir='ltr'><strong>δημαρχῶν</strong></span> <span class='ocrx_word' id='word_1_400' title='bbox 820 4392 864 4473; x_wconf 86' lang='lat' dir='ltr'>(a.</span> <span class='ocrx_word' id='word_1_401' title='bbox 888 4415 920 4457; x_wconf 93' lang='grc' dir='ltr'>ιι.</span> <span class='ocrx_word' id='word_1_402' title='bbox 945 4395 1034 4473; x_wconf 90' lang='grc'><strong>616.)</strong></span> <span class='ocrx_word' id='word_1_403' title='bbox 1057 4389 1393 4481; x_wconf 80' lang='grc' dir='ltr'><strong>ιισηγησιιτονὸμου,</strong></span> <span class='ocrx_word' id='word_1_404' title='bbox 1420 4390 1488 4503; x_wconf 60' lang='lat' dir='ltr'>T&#39;ll</span> 
     </span>
     <span class='ocr_line' id='line_1_43' title="bbox 155 4475 1489 4599; baseline 0.002 -48"><span class='ocrx_word' id='word_1_405' title='bbox 155 4493 217 4572; x_wconf 72' lang='lat' dir='ltr'>plu</span> <span class='ocrx_word' id='word_1_406' title='bbox 234 4486 295 4570; x_wconf 76' lang='grc' dir='ltr'>γῆν</span> <span class='ocrx_word' id='word_1_407' title='bbox 310 4489 423 4570; x_wconf 80' lang='grc' dir='ltr'><strong>μηκέτι</strong></span> <span class='ocrx_word' id='word_1_408' title='bbox 440 4487 622 4571; x_wconf 83' lang='grc' dir='ltr'><strong>ὁιαυέμειν,</strong></span> <span class='ocrx_word' id='word_1_409' title='bbox 645 4480 722 4559; x_wconf 81' lang='lat' dir='ltr'>ciii</span> <span class='ocrx_word' id='word_1_410' title='bbox 747 4475 831 4552; x_wconf 86' lang='grc' dir='ltr'><strong>ιίναι</strong></span> <span class='ocrx_word' id='word_1_411' title='bbox 851 4484 913 4552; x_wconf 80' lang='grc' dir='ltr'><strong>τῶν</strong></span> <span class='ocrx_word' id='word_1_412' title='bbox 934 4483 1072 4575; x_wconf 79' lang='grc' dir='ltr'><strong>ἐχόντων</strong></span> <span class='ocrx_word' id='word_1_413' title='bbox 1093 4494 1148 4554; x_wconf 79' lang='grc' dir='ltr'><strong>καὶ</strong></span> <span class='ocrx_word' id='word_1_414' title='bbox 1170 4483 1301 4599; x_wconf 72' lang='grc' dir='ltr'><strong>φόρους</strong></span> <span class='ocrx_word' id='word_1_415' title='bbox 1319 4483 1401 4577; x_wconf 76' lang='grc' dir='ltr'><strong>ὑπὲρ</strong></span> <span class='ocrx_word' id='word_1_416' title='bbox 1423 4484 1489 4554; x_wconf 81' lang='grc' dir='ltr'><strong>αὐ.</strong></span> 
     </span>
     <span class='ocr_line' id='line_1_44' title="bbox 158 4574 1488 4687; baseline 0.002 -42"><span class='ocrx_word' id='word_1_417' title='bbox 158 4580 216 4661; x_wconf 72' lang='grc' dir='ltr'>τῆς</span> <span class='ocrx_word' id='word_1_418' title='bbox 239 4603 283 4670; x_wconf 83' lang='grc' dir='ltr'><strong>τῳ</strong></span> <span class='ocrx_word' id='word_1_419' title='bbox 306 4574 398 4687; x_wconf 76' lang='grc' dir='ltr'><em>δήμῳ</em></span> <span class='ocrx_word' id='word_1_420' title='bbox 420 4582 693 4660; x_wconf 72' lang='grc' dir='ltr'><strong>κατατίθεσθαι,</strong></span> <span class='ocrx_word' id='word_1_421' title='bbox 713 4575 868 4647; x_wconf 69' lang='lat' dir='ltr'>zubedir</span> <span class='ocrx_word' id='word_1_422' title='bbox 887 4577 929 4646; x_wconf 77' lang='grc' dir='ltr'><strong>τὰ</strong></span> <span class='ocrx_word' id='word_1_423' title='bbox 945 4576 1102 4668; x_wconf 71' lang='grc' dir='ltr'><strong>χρήματα</strong></span> <span class='ocrx_word' id='word_1_424' title='bbox 1119 4588 1236 4670; x_wconf 84' lang='grc' dir='ltr'><strong>χωρεῖν</strong></span> <span class='ocrx_word' id='word_1_425' title='bbox 1256 4579 1301 4662; x_wconf 81' lang='grc' dir='ltr'>είς</span> <span class='ocrx_word' id='word_1_426' title='bbox 1316 4577 1488 4669; x_wconf 74' lang='grc' dir='ltr'><strong>διανομάς,</strong></span> 
     </span>
     <span class='ocr_line' id='line_1_45' title="bbox 156 4646 1488 4790; baseline 0.004 -52"><span class='ocrx_word' id='word_1_427' title='bbox 156 4675 228 4738; x_wconf 86' lang='lat' dir='ltr'>scil.</span> <span class='ocrx_word' id='word_1_428' title='bbox 255 4674 300 4766; x_wconf 75' lang='grc' dir='ltr'><strong>τῷ</strong></span> <span class='ocrx_word' id='word_1_429' title='bbox 325 4646 466 4764; x_wconf 45' lang='lat' dir='ltr'>cirinus</span> <span class='ocrx_word' id='word_1_430' title='bbox 456 4665 536 4762; x_wconf 82' lang='grc' dir='ltr'><strong>έπιρ</strong></span> <span class='ocrx_word' id='word_1_431' title='bbox 560 4661 600 4755; x_wconf 80' lang='grc' dir='ltr'>ἦν</span> <span class='ocrx_word' id='word_1_432' title='bbox 618 4676 679 4759; x_wconf 85' lang='grc' dir='ltr'>μέν</span> <span class='ocrx_word' id='word_1_433' title='bbox 700 4697 750 4751; x_wconf 87' lang='grc' dir='ltr'>τις</span> <span class='ocrx_word' id='word_1_434' title='bbox 772 4681 841 4752; x_wconf 83' lang='grc' dir='ltr'><strong>τοῖς</strong></span> <span class='ocrx_word' id='word_1_435' title='bbox 867 4677 978 4756; x_wconf 85' lang='grc' dir='ltr'><strong>ιιέυησι</strong></span> <span class='ocrx_word' id='word_1_436' title='bbox 999 4677 1188 4790; x_wconf 73' lang='grc' dir='ltr'><strong>παρηγορία</strong></span> <span class='ocrx_word' id='word_1_437' title='bbox 1210 4673 1267 4742; x_wconf 76' lang='grc' dir='ltr'>διὰ</span> <span class='ocrx_word' id='word_1_438' title='bbox 1290 4673 1349 4754; x_wconf 78' lang='grc' dir='ltr'><strong>τὰς</strong></span> <span class='ocrx_word' id='word_1_439' title='bbox 1375 4679 1488 4744; x_wconf 80' lang='grc' dir='ltr'><strong>διανο-</strong></span> 
     </span>
     <span class='ocr_line' id='line_1_46' title="bbox 157 4741 1492 4884; baseline 0.005 -52"><span class='ocrx_word' id='word_1_440' title='bbox 157 4762 239 4854; x_wconf 71' lang='lat' dir='ltr'>pir</span> <span class='ocrx_word' id='word_1_441' title='bbox 262 4741 436 4857; x_wconf 57' lang='lat' dir='ltr'>beseleel*</span> <span class='ocrx_word' id='word_1_442' title='bbox 462 4764 558 4834; x_wconf 77' lang='grc' dir='ltr'><strong>οὐδὲν</strong></span> <span class='ocrx_word' id='word_1_443' title='bbox 523 4769 611 4845; x_wconf 62' lang='lat' dir='ltr'>rte</span> <span class='ocrx_word' id='word_1_444' title='bbox 632 4768 883 4848; x_wconf 78' lang='grc' dir='ltr'><strong>πολυπληθίαν.</strong></span> <span class='ocrx_word' id='word_1_445' title='bbox 896 4759 1010 4850; x_wconf 79' lang='grc' dir='ltr'><strong>Ἀπαξ</strong></span> <span class='ocrx_word' id='word_1_446' title='bbox 1026 4772 1062 4836; x_wconf 77' lang='grc' dir='ltr'>δὲ</span> <span class='ocrx_word' id='word_1_447' title='bbox 1085 4776 1154 4848; x_wconf 85' lang='grc' dir='ltr'><strong>τοῖς</strong></span> <span class='ocrx_word' id='word_1_448' title='bbox 1169 4772 1360 4881; x_wconf 73' lang='grc' dir='ltr'><strong>σοφίσμασι</strong></span> <span class='ocrx_word' id='word_1_449' title='bbox 1383 4774 1492 4884; x_wconf 68' lang='lat' dir='ltr'>roimle³</span> 
     </span>
     <span class='ocr_line' id='line_1_47' title="bbox 158 4858 1492 4955; baseline 0.003 -27"><span class='ocrx_word' id='word_1_450' title='bbox 158 4863 218 4930; x_wconf 80' lang='lat' dir='ltr'>rori</span> <span class='ocrx_word' id='word_1_451' title='bbox 246 4862 428 4951; x_wconf 79' lang='grc' dir='ltr'><strong>Γρακχείου</strong></span> <span class='ocrx_word' id='word_1_452' title='bbox 456 4858 560 4950; x_wconf 86' lang='grc' dir='ltr'><strong>νόμου</strong></span> <span class='ocrx_word' id='word_1_453' title='bbox 589 4862 861 4949; x_wconf 72' lang='grc' dir='ltr'><strong>παραλυθέντος,</strong></span> <span class='ocrx_word' id='word_1_454' title='bbox 892 4858 1045 4955; x_wconf 80' lang='grc' dir='ltr'><strong>(ἀρίστου</strong></span> <span class='ocrx_word' id='word_1_455' title='bbox 1069 4869 1126 4931; x_wconf 80' lang='grc' dir='ltr'><strong>καί</strong></span> <span class='ocrx_word' id='word_1_456' title='bbox 1153 4859 1427 4955; x_wconf 78' lang='lat' dir='ltr'>uipeiipcurerou,</span> <span class='ocrx_word' id='word_1_457' title='bbox 1460 4861 1492 4933; x_wconf 85' lang='lat' dir='ltr'>ei</span> 
     </span>
    </p>
   </div>
   <div class='ocr_carea' id='block_1_7' title="bbox 0 0 1621 5586">
    <p class='ocr_par' dir='ltr' id='par_1_11' title="bbox 0 0 1621 5586">
     <span class='ocr_line' id='line_1_48' title="bbox 0 0 1621 5586; baseline 0 0"><span class='ocrx_word' id='word_1_458' title='bbox 0 0 1621 5586; x_wconf 95' lang='lat' dir='ltr'> </span> 
     </span>
    </p>
   </div>
  </div>
 </body>
</html>
