3220 5572
306 374 369 443 aa
497 382 500 391 '
668 428 671 435 «
785 370 937 437 INDEX
955 369 1139 438 LEGUM.

306 475 513 599 „olionderet
529 513 622 578 locun
641 509 794 591 Asconii,
819 532 928 577 omnen
948 509 991 574 ita
1012 509 1316 593 interpretarentur,
1339 521 1390 584 ut,
1413 509 1585 578 semelearu

307 609 435 692 ωιίἰηιη,
467 606 666 691 pronuntiari
687 626 804 688 pocae,
839 605 943 670 mitius
964 605 1005 669 ait
1024 603 1322 687 comperendinato,
1355 615 1448 689 atque
1473 616 1507 670 ut
1526 609 1585 671 aden

305 700 402 786 „ipra
423 701 536 767 Acilia
558 699 664 764 mitior
686 699 728 763 eit
745 720 838 784 quam
860 698 1022 773 Seruilia3
1043 697 1216 782 quandoiu
1238 698 1383 762 omnibus
1403 698 1469 762 aliie
1488 700 1585 784 legibue

305 793 623 878 „comperendinatio
647 793 745 858 maiua
771 815 830 857 reo
854 793 1029 876 periculum
1054 802 1155 855 creat.
1206 790 1344 870 Cicero,
1378 805 1412 858 ut
1439 793 1499 857 hoc
1518 792 1585 856 edan

304 890 459 965 ,addam,
482 908 549 952 non
562 886 663 952 ›dicitz
693 898 848 970 ereptum
868 906 942 951 erae
970 887 1045 970 lega
1068 885 1182 951 Acilia
1204 885 1586 971 comperendinatum

299 980 513 1065 „necessario
542 980 675 1063 primum
701 999 794 1044 caum
819 979 902 1042 dieta
927 977 1164 1063 prenuntiatum
1190 1000 1278 1054 enee,
1309 1001 1375 1044 non
1402 978 1517 1044 licuiaae
1540 1000 1586 1041 an·

291 1074 452 1159 ‘‚‚pliare;
485 1076 541 1138 sed
571 1072 705 1155 primum
733 1093 826 1139 cauea
853 1071 936 1137 dicta
963 1071 1098 1135 licuisse
1130 1074 1352 1154 pronuntiare.
1396 1071 1512 1155 Quodsi
1533 1082 1585 1154 prat

303 1168 511 1250 „Serviliam
532 1166 647 1234 Acilia
662 1166 729 1241 ,lata
751 1177 834 1231 earet
855 1177 888 1229 et
902 1163 1084 1231 severitatis
1098 1184 1192 1237 caum
1207 1167 1498 1249 comperendinatus
1509 1168 1585 1228 aden·
1605 1250 1606 1253 ,

303 1272 404 1344 ,ptus
425 1260 507 1336 rein,
531 1261 694 1324 dicendum
713 1258 827 1323 luisset
848 1258 1044 1335 neomaenia,
1066 1260 1247 1343 oportebat
1264 1260 1399 1345 primurn
1421 1261 1498 1325 dicta
1520 1268 1606 1347 cauu3

303 1353 562 1438 „pronuntiari”
606 1355 770 1419 Hactenus
792 1352 935 1417 Ernesti.
1605 1350 1606 1357 '

386 1449 462 1511 Lex
497 1445 670 1530 Calpurnia
701 1449 740 1511 de
771 1446 954 1528 repetundis
983 1447 1047 1509 lata
1076 1455 1126 1511 eet
1158 1467 1188 1510 a.
1219 1467 1253 1510 η.
1284 1446 1359 1509 604.
1387 1468 1405 1512 a
1434 1445 1586 1531 Calpurnia

181 1564 186 1571 ·
300 1539 426 1607 Pisone
451 1539 559 1622 Frugi
586 1539 716 1603 tribuno
743 1539 857 1622 plebia.
899 1541 980 1605 Eam
1004 1561 1035 1606 a.
1063 1562 1094 1609 u.
1116 1541 1192 1604 669.
1212 1551 1321 1603 aectrta
1349 1552 1399 1603 eat
1424 1539 1545 1606 Servilia
1560 1542 1606 1625 dep

301 1634 503 1716 repetundis,
525 1634 587 1696 lata
603 1653 621 1696 a
636 1632 780 1699 Seruilio
795 1634 944 1699 Glaucia
964 1634 1094 1698 tribuno
1114 1633 1231 1716 plebia,
1261 1633 1481 1716 quaprimum
1501 1632 1585 1697 canei
1605 1632 1606 1711 l

301 1737 404 1791 tutum
427 1737 491 1802 eat,
517 1738 550 1789 ut
569 1716 903 1808 comperendinaretur
926 1747 1019 1802 reum
1042 1739 1132 1790 antea
1151 1748 1210 1811 per
1228 1727 1329 1812 legem
1346 1726 1539 1809 Calpurniam
1551 1724 1584 1787 ul
1605 1726 1606 1789 i

301 1819 434 1884 iudicari
451 1819 557 1903 primo
575 1830 705 1903 poterat
723 1841 815 1896 reue,
841 1821 892 1903 vel
912 1819 1084 1903 amplius
1104 1821 1305 1902 pronuntiari
1319 1842 1336 1884 a
1351 1819 1520 1894 iudicione,
1538 1837 1583 1880 ara
1605 1860 1606 1881 ι

301 1913 422 1981 acilicet
450 1913 569 1976 iudices
604 1913 803 1976 declararent
836 1913 897 1976 eibi
929 1911 1112 1977 alterutrius
1150 1914 1251 1996 partie
1286 1914 1445 1979 actionem
1480 1914 1606 1977 uentu.

300 2007 435 2088 liquere.
478 2007 560 2070 Poet
586 1985 753 2070 Serviliam
775 2007 891 2073 Acilia
911 2008 972 2073 lata
997 2020 1044 2071 eet
1065 2030 1095 2072 a.
1118 2029 1152 2071 u.
1175 2009 1250 2071 662.
1273 2008 1378 2074 aM⁴.
1402 2006 1512 2073 Acilio
1529 2005 1584 2069 aa·

299 2100 421 2164 arione
448 2099 721 2181 tribunoplebis,
755 2122 815 2184 qua
839 2101 1043 2167 constitutum
1070 2111 1137 2178 eet,
1171 2113 1206 2167 ut
1235 2122 1347 2165 caueae
1374 2100 1583 2184 repetundamn

290 2184 363 2257 'una
384 2193 509 2257 actione
527 2205 763 2279 peragerentur
785 2206 815 2258 et
837 2195 1100 2272 absolverentur,
1122 2204 1158 2259 ut
1177 2194 1277 2279 prima
1292 2195 1419 2261 actione
1432 2193 1539 2258 iudicet
1553 2187 1584 2251 ul
1605 2248 1606 2257 ,

161 2346 168 2355 .
300 2283 477 2350 iudicarent
504 2286 558 2350 vel
585 2287 754 2369 amplius
776 2287 1031 2369 pronuntiarent.
1074 2291 1170 2352 Hanc
1194 2288 1345 2354 Aciliam
1371 2289 1476 2373 legen
1503 2274 1606 2367 vigili

300 2379 390 2459 annia
416 2392 491 2462 poet
519 2393 628 2445 secuta
654 2393 702 2447 est
726 2381 779 2444 lex
804 2382 965 2447 Cornelia
992 2385 1030 2447 de
1052 2382 1254 2465 repetundis,
1287 2403 1368 2467 quae
1395 2372 1583 2475 comparendi:

299 2472 458 2537 nationem
481 2474 554 2558 lege
576 2474 692 2541 Acilia
711 2476 865 2541 rublatanr
893 2476 1033 2539 reatituit
1060 2489 1093 2541 et
1117 2477 1286 2562 graviores
1307 2476 1365 2550 iis,
1401 2474 1457 2559 qui
1482 2475 1584 2535 damnat
1605 2484 1606 2491 ’

300 2580 424 2641 essent,
458 2589 579 2651 poenae
603 2567 733 2633 addidit.
777 2571 868 2633 Haec
893 2570 946 2633 lcx
969 2572 1129 2636 Cornelia
1150 2573 1276 2637 valebat
1296 2590 1337 2635 eo
1360 2568 1434 2652 ipro
1460 2579 1582 2649 tempero

299 2681 365 2744 quo
389 2660 507 2726 Cicero
532 2663 670 2727 Verrem
691 2665 935 2746 repetundarum
957 2667 1136 2731 accurabat.
1605 2710 1606 2725 .

384 2755 490 2818 'solue
516 2754 614 2838 igitur
640 2757 733 2819 locun
762 2754 951 2833 Ciceronis,
986 2759 1112 2842 dequo
1136 2757 1321 2823 dissentiunt
1347 2754 1410 2820 riri
1438 2751 1518 2818 docti
1537 2757 1606 2817 alt:

298 2843 468 2922 nominati,
493 2868 561 2911 mea
576 2849 698 2931 quidem
714 2849 864 2917 sententia
885 2849 932 2913 cic
951 2851 1157 2933 explicandus
1180 2864 1241 2918 est.
1278 2850 1408 2919 Adime
1422 2849 1509 2913 enim
1521 2860 1584 2907 rou·
1605 2878 1606 2891 2

294 2939 578 3020 perendinatum,
602 2942 636 3011 h·
659 2963 691 3006 c.
714 2953 748 3006 tu
774 2943 848 3007 mihi
873 2943 1004 3020 otiien,
1030 2946 1202 3024 Hortenei,
1236 2967 1284 3009 me
1306 2940 1606 3026 coorpcrendimtuu¹

298 3029 356 3093 tibi
378 3030 535 3107 adimere,
556 3035 628 3117 lege
650 3056 711 3119 qua
736 3057 820 3103 nunc
846 3035 964 3101 utimur
989 3037 1141 3104 Cornelia
1162 3040 1353 3105 restitutum.
1396 3035 1499 3122 Quod
1515 3029 1606 3099 lrald:

296 3125 357 3187 lex
378 3122 558 3207 (Cornelia)
581 3128 618 3192 ia
637 3149 676 3193 ae
697 3130 988 3208 ιηοιεηιίιηίιιιιιιιι,
1018 3132 1071 3197 bie
1091 3145 1130 3198 ιιι
1151 3155 1258 3198 carrea
1279 3133 1432 3205 dicatur,
1460 3138 1517 3192 aut
1534 3136 1583 3186 met

216 3288 221 3293 .
297 3238 405 3281 cauea
427 3220 546 3302 potine
571 3232 625 3285 eet
654 3222 895 3298 constitutum,
925 3248 1031 3310 quam
1059 3239 1138 3303 tua,
1172 3239 1235 3291 aut
1263 3226 1371 3291 nilrila
1399 3237 1463 3289 tua
1479 3217 1583 3306 poliat·

296 3332 402 3395 quam
429 3335 518 3378 mea.
560 3318 656 3382 Nam
683 3317 715 3380 ai
741 3318 793 3385 bie
824 3319 938 3385 dicere
966 3334 1019 3386 eet
1050 3321 1285 3396 commodum,
1319 3330 1410 3383 certe
1439 3316 1585 3412 urimur

295 3425 475 3471 commune
502 3419 566 3473 eet.
610 3410 649 3475 Si
675 3431 771 3487 eum,
806 3413 866 3497 qui
887 3416 1064 3497 posteriue
1089 3416 1201 3491 dixit,
1236 3415 1272 3492 (i.
1303 3436 1334 3483 r.
1364 3434 1472 3491 reum,
1501 3405 1545 3491 qui
1564 3418 1584 3461 ¹⁰

296 3497 423 3566 actione
443 3501 555 3582 priore
577 3507 716 3568 secundo
738 3504 813 3569 loco
836 3506 995 3587 dixerat,)
1017 3531 1105 3593 apua
1126 3521 1177 3573 eet
1196 3508 1380 3592 redargui,
1405 3491 1585 3573 acemalvsi

295 3612 421 3667 cauea,
444 3606 483 3658 ιιι
502 3596 554 3659 6ἰη
575 3609 755 3679 ageretur,
780 3601 1003 3665 constiturum
1017 3614 1084 3678 eat,
1108 3602 1276 3687 (quincii,
1300 3613 1334 3665 ut
1350 3588 1586 3665 recremanda

296 3685 437 3760 montrit,
471 3708 541 3752 cum
573 3689 683 3754 ultirno
705 3692 779 3757 loon
802 3692 833 3756 in
855 3695 1189 3777 comperendinatione
1211 3695 1311 3771 dicat,
1344 3695 1536 3759 defensorem
1552 3696 1586 3745 tt

295 3779 440 3864 darguit3
474 3780 517 3844 ita
546 3783 659 3847 melior
687 3784 752 3849 elue
780 3806 875 3869 quarn
907 3787 1084 3854 defensoria
1114 3789 1259 3854 conditio
1293 3792 1366 3869 eat).
1426 3778 1586 3877 Verumatl

292 3864 419 3957 opinor
441 3875 624 3958 (Servilius)
645 3878 791 3943 Glaucia
808 3879 945 3962 primae
965 3884 1007 3960 (a.
1030 3903 1064 3945 u.
1088 3882 1174 3962 649.)
1196 3883 1296 3969 tulit,
1324 3894 1364 3947 ιιι
1383 3866 1585 3970 compererit·

293 3979 439 4032 caretur
459 3991 561 4046 reue,
584 3985 687 4035 aulea
707 3974 792 4055 (lege
818 3972 1011 4056 Calpurnia,
1036 3990 1130 4060 quam
1151 3977 1212 4040 hac
1234 3998 1274 4041 ex
1297 3987 1387 4058 parte
1413 3983 1487 4057 poet
1504 3971 1586 4033 Seru·

292 4059 369 4123 liam
390 4062 494 4127 Acilia
518 4066 668 4146 restituit)
690 4069 741 4130 vel
761 4066 910 4132 iudicari
928 4069 1044 4151 primo
1062 4082 1218 4154 pateret,
1247 4073 1299 4134 oel
1321 4070 1359 4149 (si
1381 4067 1501 4149 iudicer
1525 4056 1586 4121 aa·

293 4163 366 4216 rent
393 4156 452 4219 eibi
482 4178 545 4222 non
575 4160 711 4243 liquere)
743 4160 914 4242 amplius
939 4164 1175 4245 pronuntiari.
1228 4167 1349 4228 Utram
1376 4162 1484 4247 igilur
1506 4158 1600 4240 putal‘

293 4247 405 4329 legem
425 4249 642 4317 molliorem?
683 4253 807 4335 opinor
828 4253 924 4317 illam
944 4267 1091 4326 ueterem
1113 4255 1331 4340 (Calpurniam
1354 4257 1395 4320 ab
1416 4252 1517 4322 Acilia
1535 4246 1597 4327 lest·

293 4345 491 4425 revocatam)
526 4366 595 4429 qua
622 4348 673 4409 uel
702 4347 771 4409 cilo
797 4347 927 4411 absolui
956 4348 996 4427 (ai
1022 4351 1123 4433 prima
1152 4350 1280 4425 actione
1308 4350 1410 4414 atatim
1439 4332 1595 4411 intricaret

293 4428 444 4515 iudicea,)
475 4441 528 4502 uel
552 4441 653 4503 tarde
680 4439 902 4508 condemnari
929 4442 1067 4509 licebat:
1102 4448 1230 4528 (nempe
1256 4445 1283 4508 ai
1308 4444 1425 4508 iudicer
1448 4429 1588 4517 ampliat

293 4528 566 4608 pronuntiassent.
610 4534 661 4598 Ita
683 4534 726 4596 L.
747 4529 864 4597 Cottae
886 4536 926 4598 ab
943 4537 1102 4604 Africano
1124 4538 1248 4603 iuniore
1269 4536 1588 4603 amastrianam·

294 4616 354 4683 tien
368 4623 515 4705 ampliata
530 4638 595 4691 eet:
612 4626 728 4691 Valer.
745 4627 839 4691 Max.
857 4628 958 4713 v‚111.
974 4634 1022 4711 1.)
1064 4634 1146 4716 Ego
1160 4633 1223 4700 tibi
1236 4633 1334 4698 illam
1343 4629 1488 4699 Aciliam
1499 4618 1599 4703 kM

293 4712 440 4780 restituo
471 4718 549 4802 (quaa
574 4717 866 4803 comperendinatio
894 4742 912 4784 a
934 4723 1067 4787 Servilia
1094 4724 1236 4791 instituta
1256 4725 1370 4793 iterum
1394 4721 1510 4786 sublata
1526 4704 1584 4809 a).

292 4827 365 4892 pua
390 4810 466 4896 lege
492 4813 592 4879 multi
616 4814 722 4895 eemel
749 4813 922 4894 accurati,
956 4818 1063 4883 aemel
1081 4818 1173 4886 dicta
1192 4840 1318 4899 cauea,
1350 4816 1455 4888 camel
1477 4800 1582 4875 aedil
