3214 5586
147 364 211 430 980
300 377 301 380 ’
632 365 785 433 INDEX
806 364 987 432 LEGUM.

146 505 366 584 referendam,
390 510 445 571 sed
468 509 506 571 ael
528 508 688 591 capotius
711 507 840 580 iudicia,
866 528 947 593 quae
966 516 1194 570 exercerentur
1212 526 1228 566 a
1250 503 1377 569 selectis
1396 503 1475 567 iudi·

145 601 255 672 cibos,
281 623 362 683 quae
384 601 571 664 iudiciorum
598 604 647 665 vel
668 602 887 686 quaestionum
911 601 1108 683 publicarum
1136 600 1261 664 domine
1287 612 1377 662 erard
1398 599 1475 663 insi·

146 693 247 780 gnita.
293 696 409 780 Longe
435 715 512 759 uero
537 694 628 758 aliter
649 717 720 760 sese
744 717 796 759 res
818 697 930 767 habet,
964 716 1132 767 neceam,
1163 716 1256 779 quam
1280 707 1371 757 antea
1394 715 1475 777 pro·

145 788 257 871 passini.
293 788 471 871 explicandi
495 788 647 853 rationem
678 812 784 853 veram
813 811 883 855 esse
909 788 1075 874 quisquam
1100 788 1275 859 dubitabit,
1309 788 1364 873 qui
1387 788 1475 870 prius

145 879 218 947 Cic.
249 885 287 945 de
318 884 435 967 [segg.
459 883 523 948 lll.
557 886 596 948 16
620 895 652 947 et
676 885 728 948 16.
750 884 927 969 perlegerit
949 904 987 947 ac
1008 883 1118 965 paullo
1141 883 1317 946 accuratius
1344 903 1477 964 perspe-

146 976 243 1041 xerit.
288 978 448 1059 Populum
472 978 553 1041 enim
576 1000 641 1063 qno
664 1000 757 1042 sensu
779 978 895 1042 dixerit
917 975 1067 1052 Cassius,
1102 979 1152 1063 rel
1176 976 1492 1063 apertissimeiude

145 1070 284 1153 patebita
308 1083 473 1152 praeterea
497 1084 623 1135 ceterae
645 1073 734 1158 leges
757 1071 955 1145 tabellariae,
980 1092 1113 1156 quarum
1131 1069 1249 1156 Cicero
1273 1070 1340 1152 agit
1361 1091 1476 1134 censu-

146 1160 229 1240 ram,
265 1186 466 1250 quarumque
490 1167 573 1229 nulla
602 1188 665 1230 non
695 1170 863 1231 admodum
898 1164 1066 1229 macilento
1096 1167 1235 1248 pertinet
1264 1167 1302 1227 ad
1324 1164 1473 1240 comitia,

148 1260 222 1343 quid
249 1261 326 1322 baec
356 1258 470 1325 Cassia
494 1260 554 1323 sibi
583 1262 673 1334 velit,
699 1262 782 1323 haiid
807 1261 955 1346 ambigue
978 1263 1153 1323 declarant.
1197 1261 1251 1324 Ex
1281 1260 1344 1322 hoc
1369 1270 1474 1322 antem

145 1355 221 1417 loco
247 1352 274 1427 si
298 1352 351 1417 cui
379 1354 506 1418 residua
536 1354 595 1418 erit
618 1354 823 1419 dubitationis
845 1358 997 1438 quisedam
1020 1355 1072 1417 rel
1095 1354 1253 1417 leuissima
1275 1375 1369 1435 pars,
1405 1375 1475 1418 eam

146 1450 244 1512 credo
267 1449 541 1529 prorsus-delebit
563 1449 641 1512 alius
664 1452 748 1531 apud
770 1447 961 1514 Ciceronem
985 1449 1094 1524 locos,
1119 1448 1148 1511 in
1167 1449 1260 1512 Brut.
1277 1468 1307 1510 c.
1324 1448 1397 1521 27„
1421 1447 1476 1510 ribi

145 1542 349 1627 qiraestiones
365 1554 542 1626 perpetuae
558 1543 683 1607 disertis
699 1554 908 1627 opponuntur
926 1545 1031 1606 verbis
1051 1542 1163 1625 populi
1182 1541 1318 1605 iudiciis.
1349 1543 1476 1607 Verum

145 1637 333 1710 babeamus,
368 1636 490 1727 etiamsi
513 1639 600 1701 nullo
623 1650 718 1719 pacto
742 1660 851 1701 verum
875 1636 987 1701 haberi
1014 1648 1136 1719 potest,
1174 1638 1344 1700 habeamus
1370 1647 1476 1698 tamen

146 1751 277 1806 verum,
312 1733 401 1814 quod
423 1733 587 1795 contendit
609 1731 776 1795 Ernestius
798 1732 831 1795 in
854 1728 905 1797 Cl.
928 1728 1002 1795 Cic.
1025 1730 1056 1794 in
1081 1730 1153 1795 lod.
1178 1733 1264 1813 Leg.
1286 1752 1315 1793 s.
1339 1751 1373 1792 v.
1405 1730 1479 1792 Ta·

144 1822 361 1901 bellariae,
387 1826 512 1889 nonnisi
534 1848 571 1889 ea
591 1825 726 1910 intelligi
749 1828 867 1889 debere
886 1824 1020 1901 iudicia,
1045 1824 1127 1909 quae
1149 1825 1220 1889 lieri
1238 1824 1332 1889 solita
1353 1821 1477 1887 sinerint

144 1938 251 1983 coram
275 1918 431 1983 iudicibus
453 1921 596 1985 selectis:
630 1920 684 2003 qui
707 1931 811 1982 tamen
841 1917 895 1980 illa
917 1920 988 2003 lege
1013 1916 1124 1983 Cassia
1151 1919 1254 1984 omnis
1276 1918 1476 2002 optimatium

143 2014 267 2075 sublata
291 2025 400 2096 potest
425 2013 489 2077 dici
511 2014 765 2093 auctoritas-(de
796 2015 903 2098 Legg.
931 2013 998 2077 111.
1032 2013 1083 2080 15.
1113 2017 1153 2078 de
1181 2013 1289 2079 Amic.
1322 2013 1375 2077 19.
1410 2032 1475 2095 pro

145 2106 239 2170 Sext.
262 2128 293 2169 c.
317 2109 403 2185 aa),
435 2128 506 2171 cum
528 2108 591 2191 ipsi
615 2108 734 2171 iudices
757 2105 884 2182 selecti,
909 2119 974 2173 titm
999 2108 1155 2190 temporis
1181 2129 1222 2171 ex
1246 2109 1358 2172 ordine
1380 2127 1475 2170 sena·

143 2199 231 2265 torio
254 2198 398 2277 oriundi,
424 2199 623 2284 optimatium
645 2200 777 2266 factioni
795 2199 857 2265 iarn
878 2213 993 2283 sponte
1014 2222 1070 2265 sua
1091 2201 1211 2266 fuerint
1233 2199 1374 2265 audiuit
1398 2201 1476 2263 Hoc

143 2295 284 2371 accedit,
320 2297 425 2379 quod,
456 2316 515 2359 cur
544 2296 697 2361 exemerit
721 2308 842 2361 auctor
857 2293 988 2360 Cassius
1010 2316 1053 2358 ex
1075 2295 1147 2380 lege
1169 2317 1224 2360 sua
1248 2293 1476 2378 perduellionis

142 2387 276 2465 iudicia,
298 2390 356 2453 vix
374 2402 541 2474 appareat.
586 2391 650 2473 Qui
669 2391 749 2454 enim
770 2400 904 2473 possunt
926 2389 977 2452 illa
1001 2390 1223 2472 quiaestiooum
1246 2400 1474 2473 perpetuarum

142 2481 276 2561 indicia,
299 2505 381 2567 quae
400 2505 510 2549 coram
530 2486 655 2551 aelectio
672 2506 714 2548 ex
728 2482 892 2548 senatorio
912 2483 1025 2547 ordine
1047 2483 1206 2548 iudicibus
1228 2482 1362 2558 flebant,
1386 2504 1476 2547 com·

75 2613 80 2629 ι
143 2576 270 2643 misceri
295 2589 391 2663 atque
413 2579 565 2644 confundi
587 2601 657 2644 cum
681 2571 794 2661 populi
817 2576 971 2653 comitiis,
1001 2588 1036 2640 ut
1058 2577 1135 2662 qnid
1156 2572 1196 2639 a'd
1221 2578 1354 2641 alterum
1376 2577 1476 2658 perti-

142 2682 233 2750 neat,
260 2675 301 2737 ad
321 2675 452 2738 alterum
476 2695 636 2761 peraeque
659 2672 804 2736 videatur
826 2670 994 2754 spectare?
1021 2672 1108 2736 Pace
1130 2671 1259 2736 Ernesti
1281 2692 1352 2734 cnm
1376 2672 1475 2754 Sigo-

142 2766 217 2842 nio,
252 2789 345 2851 quem
368 2767 527 2832 immerito
548 2767 602 2833 ille
625 2779 732 2842 taxat,
768 2766 956 2830 crediderim
978 2766 1081 2852 legem
1106 2765 1250 2833 Cassiam
1276 2766 1474 2829 tabellariam

143 2862 341 2927 referendam
372 2884 441 2927 esse
470 2866 509 2926 ad
536 2862 647 2946 popuii
670 2861 817 2937 comitia,
851 2861 989 2947 ideoque
1011 2864 1225 2947 bacouoque
1247 2862 1319 2947 lege
1341 2860 1475 2942 probari

41 2970 45 2987 ¹
146 2959 234 3042 quod
262 2960 508 3032 contenderant,
544 2957 731 3021 iudiciorum
767 2956 926 3039 antiquam
960 2956 1113 3031 formam,
1151 2948 1341 3041 quamquam
1376 2954 1486 3020 luerit

63 3136 64 3141 ἵ
144 3062 355 3129 commutata,
379 3065 568 3117 tamennon
592 3050 721 3116 omnino
743 3050 935 3114 abolevisse.
968 3052 1146 3115 Wirrioo.

314 3211 458 3277 Parrum
479 3192 662 3275 tabellario

146 3353 169 3398 a
185 3334 225 3399 (5.
248 3333 403 3399 Carbone
424 3330 555 3397 tribuno
577 3329 681 3415 plebis
703 3353 733 3397 a.
757 3355 788 3395 ιι.
812 3332 886 3396 699.
914 3333 979 3398 lata
1008 3344 1075 3408 est,
1107 3352 1209 3418 eaque
1230 3331 1406 3410 sancitum,
1436 3346 1477 3400 ot

12 3438 16 3447 ’
113 3451 117 3459 ’
144 3426 181 3493 in
202 3426 335 3511 legibus
356 3427 513 3509 iubendis
533 3448 574 3491 ne
597 3428 753 3492 vetandis
770 3430 923 3513 populus
944 3428 1078 3492 tabellis
1102 3438 1271 3492 uteretur.

315 3585 450 3652 Caenia
471 3587 653 3652 tabellario

146 3732 178 3774 a.
200 3732 235 3773 ιι.
258 3708 331 3774 616.
353 3710 414 3773 lata
437 3720 487 3774 est
509 3730 609 3794 eaque
632 3720 776 3786 cautum,
800 3720 853 3786 nt,
878 3711 965 3794 qnod
984 3729 1078 3790 iiniim
1098 3682 1247 3773 iudicium
1264 3710 1337 3795 lege
1354 3710 1477 3775 Cassia

144 3814 313 3885 exceptum
337 3815 438 3880 esset,
461 3802 709 3886 perduellionis,
744 3804 776 3867 id
798 3824 928 3888 qnoque
951 3805 1082 3867 tabellas
1105 3826 1176 3869 cum
1199 3803 1331 3887 reliquis
1353 3803 1476 3867 iudiciis

144 3918 329 3962 communes
350 3897 497 3960 haberet.
541 3895 676 3961 Cansam
700 3897 791 3961 huius
813 3897 894 3982 legis
915 3897 1065 3960 ferendae
1092 3900 1173 3961 hanc
1194 3898 1338 3962 babuisse
1361 3897 1477 3960 dieitur

144 3993 230 4076 apud
252 3989 461 4067 Ciceronem,
487 4001 521 4053 ut
543 3992 739 4073 opprimeret
762 3988 804 4056 C.
829 3991 1000 4072 Popillium
1022 3991 1198 4056 inimicum.
1222 3994 1306 4057 Eeu.
1368 4032 1373 4043 ι

233 4083 334 4151 Conf.
358 4085 449 4150 etiam
473 4082 546 4150 Cic.
567 4106 630 4167 pro
653 4082 789 4150 Plancio
812 4086 848 4162 6,
874 4086 926 4150 16.
948 4096 981 4149 et
1003 4085 1090 4150 Plin.
1114 4085 1219 4170 Epist.
1241 4087 1310 4151 111.
1334 4086 1389 4150 90.

483 4230 648 4292 Taureae.
693 4226 779 4325 Vid.
796 4227 953 4291 Arsame
976 4226 1141 4291 Teurnia·

346 4370 523 4433 Ternarii
546 4380 577 4433 et
600 4365 735 4434 Cassia.
780 4369 859 4433 Vid.
874 4365 1007 4457 Cassia
1029 4380 1060 4432 et
1083 4369 1274 4433 Taneurrit.

692 4522 927 4585 Τιιιιιιιιιιιι.

238 4646 301 4724 ,,0.
325 4642 535 4709 Terentilius
557 4645 651 4708 Areo
677 4642 824 4706 tribunus
851 4639 954 4724 plebis
981 4661 1128 4727 eo‚anno
1150 4642 1198 4719 (ιι.
1221 4663 1251 4706 o.
1275 4641 1366 4723 991.)
1395 4644 1477 4709 tuit.

122 4750 125 4761 ’
151 4736 180 4803 is
208 4730 273 4824 per*
293 4735 416 4820 aliquot
444 4738 511 4802 dies
540 4749 662 4820 patrum
686 4736 868 4819 superbiam
890 4736 931 4798 ad
953 4735 1080 4818 plebem
1108 4735 1307 4811 criminatus,
1339 4740 1477 4803 maxime

154 4833 187 4898 io
208 4833 375 4898 consulare
396 4831 561 4915 imperium
587 4843 745 4918 tamquam
766 4828 895 4894 nimium
918 4850 978 4894 nec
999 4828 1168 4894 tolerabile
1189 4830 1308 4913 liberae
1327 4831 1477 4899 ciuitati’'
