3214 5586
295 400 359 464 att
779 398 930 465 INDEX
951 400 1134 467 LEGUM.
1166 396 1168 403 ’

296 538 488 606 feneratoris
516 539 609 606 simul
635 537 794 604 libidinem
822 540 914 605 simul
942 542 1157 606 crudelitatem
1188 538 1353 627 insignem.
1373 541 1562 626 vIu‘Papiriu

297 636 424 713 isfuit,
457 634 508 699 cui
531 657 601 701 ctum
627 656 662 703 se
688 633 729 700 C.
753 634 910 701 Publilius
935 638 978 700 ob
1001 658 1053 699 aes
1075 635 1209 699 alienum
1235 648 1398 718 paternum
1416 657 1509 699 nexum
1529 642 1564 700 de·

300 729 414 805 disset,
440 749 520 814 quae
540 741 625 792 aetas
644 729 814 814 formaque
838 730 1087 794 misericordiam
1109 731 1225 793 elicere
1239 741 1383 812 poterat,
1404 732 1438 792 ad
1450 730 1566 794 libidinem

300 832 333 885 et
364 822 583 887 coutumeliam
617 823 752 886 animum
782 825 1009 898 accenderunt3
1046 833 1079 887 et
1104 822 1217 887 florem
1249 824 1359 886 aetatis
1385 822 1443 886 eius
1467 823 1565 886 irurtuu
1590 844 1591 853 ¹

302 915 520 980 adventicium
538 917 649 981 crediti
674 929 779 993 ratus,
812 917 920 999 primo
950 915 1108 999 perlicere
1134 912 1365 981 adolescentem
1394 938 1516 981 sermone
1536 915 1567 978 iu·

302 1022 390 1074 cesto
413 1023 462 1073 est
489 1023 643 1088 conatus,
667 1012 736 1074 dein
759 1023 928 1094 postquam
950 1013 1204 1094 aspernabantur
1223 1010 1377 1096 flagitium
1398 1032 1490 1084 aures,
1509 1008 1566 1070 nisis

300 1103 450 1167 territare
469 1116 563 1189 atque
586 1106 752 1167 identidem
773 1108 943 1169 admouere
964 1106 1132 1179 fortunae3
1154 1116 1321 1187 postremo
1335 1128 1402 1170 cum
1417 1101 1567 1189 ingenuitatis

305 1197 404 1280 magis
430 1220 522 1282 quam
549 1198 726 1281 praesentis
749 1198 944 1263 condicionis
961 1219 1132 1262 memorem
1148 1198 1293 1272 videret,
1317 1198 1424 1262 nudari
1443 1198 1515 1261 iubet
1524 1217 1567 1256 rer·

302 1291 444 1374 ben-aque
475 1293 598 1358 afferri.
632 1293 746 1375 quibus
774 1294 931 1356 laceratus
961 1292 1086 1356 iuvenis
1114 1314 1184 1355 cum
1211 1314 1246 1356 se
1270 1292 1301 1356 in
1326 1287 1591 1377 publicumprum

303 1385 442 1466 puisset,
477 1387 636 1450 libidinem
665 1387 946 1471 crudelitatemque
970 1408 1168 1469 conquerens
1194 1386 1402 1463 feneratoris,
1429 1380 1591 1470 ingemuisl

304 1480 464 1543 bominum
499 1502 569 1543 cum
596 1482 707 1543 aetatis
740 1480 942 1544 miseratione
969 1493 1062 1565 atque
1093 1480 1278 1567 indignitate
1310 1480 1440 1546 iniuriae
1468 1498 1568 1547 accensa,

303 1584 369 1635 tum
390 1595 465 1637 suae
488 1576 683 1640 condicionis
707 1575 906 1657 liberumque
927 1596 1057 1639 suorum
1080 1587 1246 1659 respectu,
1270 1575 1301 1639 in
1322 1575 1427 1639 forum
1443 1570 1568 1657 atqueindt

305 1669 429 1751 agmine
455 1668 542 1732 facto
565 1671 603 1731 ad
625 1670 744 1732 curiam
768 1672 949 1745 concurs-in
983 1683 1014 1733 et
1037 1692 1107 1733 cum
1134 1670 1283 1734 consules
1304 1670 1436 1732 ttuuultu
1455 1665 1569 1746 mpentiu

304 1762 407 1823 coacti
436 1774 576 1825 senatum
605 1774 776 1837 vocarent,
810 1763 1043 1827 introeuntibus
1076 1766 1106 1826 iu
1134 1765 1252 1826 citriam
1281 1764 1425 1846 patribus
1453 1763 1569 1824 laceratur

302 1854 424 1917 itrvenis
447 1867 592 1942 tergum,
615 1860 863 1940 procumbentes
891 1860 929 1919 ad
957 1856 1156 1942 singulorum
1186 1861 1298 1939 pedes,
1324 1857 1525 1921 ostentabant:
1547 1846 1569 1908 tl

268 1996 272 2009 .
304 1959 386 2011 ctum
410 1971 451 2013 eo
474 1953 522 2013 die
546 1953 588 2014 ob
617 1952 821 2033 impotentem
845 1950 987 2013 iniuriam
1013 1953 1101 2018 tinius
1126 1953 1238 2033 ingens
1267 1954 1423 2015 vinculum
1444 1945 1569 2021 fidequ-

304 2044 393 2126 sique
416 2046 562 2107 eousules
587 2049 638 2126 (C.
655 2045 843 2119 Poetelius,
867 2048 909 2107 L.
926 2044 1101 2127 Papirius)
1124 2045 1214 2108 serre
1229 2048 1268 2108 ad
1290 2046 1459 2128 populum,
1481 2036 1569 2122 nequit

305 2137 362 2199 nisi
387 2138 441 2222 qui
465 2162 578 2203 noxam
607 2141 772 2202 sueriusset
798 2141 901 2202 donec
923 2159 1058 2220 poenam
1084 2139 1201 2214 lateret,
1231 2139 1263 2201 iu
1286 2142 1484 2223 corruptilibus
1503 2130 1569 2196 eutis

303 2251 404 2295 nervo
430 2244 608 2307 teneretur3
639 2233 789 2316 pecuniae
815 2233 954 2295 creditae
982 2235 1065 2295 buua
1091 2233 1261 2306 debitoris,
1287 2252 1351 2297 nou
1379 2252 1488 2314 corpus
1509 2228 1571 2291 nbat

303 2327 387 2388 xituu
417 2340 519 2390 esset.
548 2328 589 2390 ita
612 2329 686 2390 nexi
714 2327 829 2401 soluti,
863 2337 1052 2411 uelitumque
1075 2327 1106 2389 in
1133 2340 1296 2409 posterum
1322 2350 1364 2392 ue
1390 2315 1591 2403 necterentul'l

301 2421 379 2483 Liv.
412 2421 512 2485 Vltl.
542 2422 595 2485 28.
641 2420 740 2487 Coul.
770 2421 879 2487 Varro
910 2422 984 2485 LL.
1014 2421 1076 2486 vl.
1105 2444 1138 2503 p.
1168 2422 1221 2486 82.
1255 2421 1496 2505 steph-Sullas
1516 2436 1536 2478 s.
1555 2431 1572 2471 t·

302 2510 404 2592 tutor
425 2512 625 2606 Λαιτώριος.

776 2676 936 2738 Portenta
958 2673 1156 2740 tribunicia.

387 2799 451 2878 „lu
476 2797 536 2858 ista
563 2797 688 2878 quidem
712 2817 749 2871 ne
774 2798 978 2859 veliementer
998 2797 1116 2860 Sullam
1139 2800 1263 2880 probo,
1289 2799 1344 2883 qui
1369 2796 1493 2861 tribunis
1511 2784 1571 2874 plui

303 2911 357 2953 sita
374 2890 444 2974 lege
461 2889 594 2954 iniuriae
610 2888 772 2953 faciendae
789 2902 976 2973 potestatem
993 2891 1163 2967 ademerit,
1181 2890 1288 2955 assailii
1305 2889 1432 2956 ferendi
1446 2882 1569 2968 reliquerit

302 2985 556 3066 Pompeiumque
581 2996 722 3073 nostrum
747 2972 861 3046 ceteris'
884 2987 979 3047 rebus
1005 2987 1149 3048 omuibus
1171 3005 1296 3067 semper
1318 2981 1509 3067 amplissimis
1524 2990 1568 3038 u*

301 3079 422 3161 unisque
445 3079 546 3142 effero
571 3079 732 3151 laudibus3
757 3080 794 3140 de
815 3066 982 3142 tribunicia
1008 3090 1165 3161 potestate
1190 3091 1300 3141 tacent
1325 3101 1388 3143 uec
1414 3078 1488 3141 euim
1506 3084 1565 3150 teu*

302 3173 440 3233 bendere
456 3171 543 3245 libet,
561 3193 619 3234 nee
635 3173 762 3235 lucidare
778 3175 941 3253 possum.”
964 3176 1003 3235 de
1016 3174 1123 3257 Lege.
1141 3172 1207 3238 111.
1225 3173 1262 3247 9,
1281 3174 1335 3236 22.
1356 3173 1402 3237 el.
1419 3172 1481 3237 lll.
1497 3154 1561 3257 llll

388 3265 510 3346 „Nulla
533 3267 562 3328 in
581 3266 701 3328 iudiciis
723 3268 894 3341 severitas,
920 3267 1002 3329 nialla
1024 3267 1159 3350 religio,
1181 3267 1265 3328 uuila
1285 3267 1424 3352 denique
1442 3254 1559 3357 isne?

301 3371 425 3423 mautur
452 3380 521 3422 esse
545 3358 671 3422 iudicia.
716 3360 829 3443 ltaque
856 3380 871 3420 a
897 3362 1021 3442 populo
1047 3362 1195 3424 Romano
1219 3361 1470 3433 contemnimur,
1491 3356 1557 3431 w

302 3476 388 3517 mur:
413 3452 506 3538 gravi
522 3455 731 3534 diuturnaque
750 3453 808 3515 iam
828 3452 999 3537 flagramus
1017 3451 1147 3517 invidia.
1194 3456 1305 3538 Neque
1327 3455 1411 3516 euim
1428 3437 1560 3535 ullum*¹
1590 3436 1591 3509 l

300 3553 343 3613 ob
361 3570 485 3611 calisam
508 3549 646 3630 populus
672 3550 834 3612 Romanus
856 3546 1053 3609 tribuniciam
1080 3559 1267 3628 potestatem
1290 3560 1382 3611 tauto
1405 3546 1565 3614 seimonu

300 3645 393 3706 sivit:
426 3664 518 3725 quam
546 3664 616 3704 cum
643 3643 815 3722 poscebat,
850 3644 952 3703 vei-bo
982 3639 1073 3703 ‘illam
1104 3660 1239 3721 poscere
1269 3642 1454 3715 videbatur,
1483 3655 1512 3698 rt
1530 3637 1568 3686 *Ψ

298 3737 412 3801 iudicia
430 3738 596 3817 poscebat.
643 3737 757 3817 Neque
772 3736 835 3798 buc
859 3734 901 3814 Q.
919 3732 1069 3799 Catulum
1085 3733 1242 3797 bominem
1258 3728 1570 3816 sapientissimuutllll

199 3820 202 3827 Δ
299 3832 522 3913 atriplissimum
547 3828 649 3912 sugit,
685 3831 739 3912 qui
766 3832 827 3892 Cn.
851 3828 1014 3910 Pompeio
1041 3828 1112 3891 viro
1137 3828 1314 3893 fortissimo
1339 3840 1373 3892 et
1395 3809 1570 3915 eleustus?

298 3927 465 3989 tribunicia
489 3935 647 4005 potestate
670 3924 848 3998 referente,
874 3943 944 3984 cum
969 3931 1052 3983 esset
1072 3923 1256 3984 senteutiam
1279 3934 1434 4006 rogatus,
1456 3919 1509 3980 bot
1518 3909 1570 3972 llll

299 4032 346 4083 est
368 4040 488 4083 summu
515 4039 584 4079 eum
608 4018 801 4081 artetoritate'
818 4037 909 4079 usus:
952 4016 1074 4078 Patres
1095 4016 1309 4103 conscriptos
1330 4015 1460 4079 iudicia
1477 4001 1571 4071 maleel

287 4113 479 4209 flagitiose
496 4112 604 4174 tueri:
632 4112 725 4195 quod
744 4111 775 4174 ei
797 4110 832 4172 iu
855 4111 956 4173 rebus
977 4110 1171 4173 iudicandis
1188 4110 1312 4193 populi
1335 4104 1478 4175 Romani
1495 4100 1572 4194 catull·

301 4207 445 4272 motioni
466 4204 552 4269 sutis
563 4203 695 4297 faeere
716 4205 920 4278 uoluissent,
956 4222 1025 4267 uon
1045 4203 1225 4286 tantopere
1246 4204 1404 4267 homiues
1414 4196 1522 4294 juisse
1535 4198 1572 4292 (ΓΡ

299 4302 470 4366 lauricium
496 4311 702 4384 potestatem
737 4298 1009 4362 desideraturos.
1063 4297 1139 4378 Ipse
1175 4297 1311 4379 deuique
1345 4300 1410 4362 Gn.
1442 4291 1573 4382 tonnae

301 4418 371 4458 cum
398 4397 531 4478 primiani
564 4393 745 4458 contionem
775 4396 814 4455 sd
840 4394 949 4455 turbem
981 4391 1094 4454 consul
1119 4390 1302 4476 designatus
1329 4387 1456 4460 babuit,
1484 4370 1571 4444 tltl¹l=

301 4491 387 4573 quod
411 4487 547 4551 maxime
569 4486 749 4569 exspectari
771 4485 956 4559 videbatur,
981 4486 1135 4561 ostendit,
1159 4507 1193 4549 se
1215 4486 1414 4549 tribuniciam
1435 4477 1571 4567 percuti?

301 4581 541 4655 restituturum,
566 4581 668 4643 lacteis
686 4592 734 4643 est
754 4579 784 4641 in
806 4600 846 4643 eo
863 4579 1014 4661 strepitus
1030 4591 1061 4642 et
1076 4592 1166 4664 grata
1182 4578 1342 4647 cuntionis
1361 4572 1571 4641 rdinurnuutt·

302 4675 389 4738 ldem
413 4675 442 4736 iu
467 4677 574 4737 eadem
595 4673 746 4737 contione
767 4696 837 4736 cum
860 4674 1009 4747 dixisset,
1030 4676 1217 4757 populatos
1231 4668 1572 4757 vexatasqueeuetfl

301 4768 448 4842 vineias,
473 4769 601 4831 iudicia
616 4778 732 4830 utitem
749 4768 868 4852 turpia
884 4767 1239 4860 deflagitioeofisri3
1260 4766 1293 4832 si
1313 4768 1366 4831 rei
1385 4786 1422 4830 es
1437 4749 1571 4845 procidet!

301 4853 343 4926 ao
364 4865 542 4926 consulere
563 4865 664 4926 uelle:
685 4873 750 4925 tum
774 4882 852 4926 veru
875 4881 939 4926 nou
961 4861 1114 4943 strepitu,
1136 4864 1193 4927 sed
1212 4861 1350 4941 nupximo
1371 4861 1498 4923 clamore
1513 4850 1570 4908 ”¹¹¹¹
