3490 5586
1175 478 1198 509 N

363 537 537 620 OVINTI
561 535 752 604 escam!
776 534 974 605 PEDIANI
1073 549 1075 557 ’

366 633 729 700 COMMEN'I'ARIA
751 632 800 696 IN
826 631 1101 697 ORATIONES

408 726 678 793 CICERONIS.

109 829 143 905 I)
378 822 425 885 lN
452 822 644 885 SENATV
668 819 864 886 CONTRA
886 822 930 887 L.
955 820 1183 887 PISONEM.

105 921 140 999 i)
186 918 239 983 Bl.
286 919 319 981 7.
365 917 460 981 PRO
485 917 537 979 M.
562 908 762 982 SCAVRO.
806 941 819 958 ·=

103 1015 141 1091 3)
200 1065 218 1096 „
265 1013 322 1075 III
365 1008 459 1079 PRO
485 1009 634 1074 ANNIO
658 1011 860 1077 MILONE.

103 1110 140 1188 I)
201 1153 217 1182 ,
262 1106 320 1170 22¹³
364 1104 458 1170 PRO
482 1102 728 1171 CORNELIO
751 1106 814 1170 DE
838 1106 1130 1173 MAIESTATE.

103 1202 141 1283 i)
202 1246 219 1277 „
265 1201 322 1264 31⁵
363 1200 411 1267 IN
437 1199 628 1263 SENATV
651 1199 698 1263 ΙΝ
725 1199 1108 1266 &roas-cellolas.

430 1291 628 1359 CONTRA
652 1294 696 1356 O.
721 1294 983 1360 ANTONIVM
1008 1296 1070 1359 E'I'
1212 1299 1228 1327 ’“

364 1428 367 1439 ,
429 1389 473 1450 L.
497 1384 773 1451 cn'tILINAM
796 1385 1184 1455 CONIPE'I'I'I'ORES.

107 1489 146 1567 le)
207 1530 224 1561 „
269 1483 379 1549 ³6¹²*
396 1483 451 1549 Il*
495 1479 558 1546 Die
585 1479 768 1555 Divinatio,
803 1482 930 1546 welche
952 1504 1000 1545 ιιιι
1024 1483 1116 1547 Eele
1144 1486 1200 1563 des
1226 1482 1341 1544 lenna
1365 1480 1438 1541 hele

600 1574 869 1642 DIVINATIO.
901 1564 1047 1642 FINI'I'.
1087 1576 1219 1657 QVAE
1261 1573 1441 1640 PRIMVS

601 1670 746 1734 LIBER
768 1671 1096 1736 VERRINAIIVM
1121 1671 1219 1734 ES'I'.

110 1773 147 1851 7)
192 1819 223 1851 ,,,
269 1769 326 1830 Ill
369 1764 699 1833 VERRINARVM
721 1765 866 1830 LIBER
889 1765 1139 1831 SECVNDVS
1162 1762 1359 1829 lNCIPl‘I'.

108 1866 146 1945 8)
208 1909 224 1939 „
272 1862 326 1925 58·
369 1860 723 1927 ARGVNIEN'I'VM
749 1856 1112 1925 ACCVSA'I'IONIS.
1331 1906 1334 1912 .

202 1956 380 2031 Zvlschee
402 1955 456 2020 Bl,
481 1954 524 2016 7⁰
544 1976 577 2017 ιι.
601 1954 640 2015 71
663 1953 704 2016 iel
726 1952 778 2017 die
798 1955 1000 2039 Ablheiloog
1023 1974 1087 2018 von
1107 1953 1243 2018 zweilee
1262 1953 1360 2017 Hand
1379 1953 1446 2018 ein·

115 2051 276 2136 gebeno,
299 2050 424 2114 welche
445 2070 485 2114 so
507 2047 658 2132 enlingt:

201 2145 336 2211 Petiisti
352 2166 377 2207 a
388 2165 443 2207 me
451 2143 596 2226 saepius
615 2130 816 2207 victoriner
791 2145 837 2224 pi
859 2142 994 2226 (pater)
1013 2154 1053 2206 ut
1071 2146 1256 2208 nonnullas
1269 2145 1446 2211 orationes

119 2240 292 2307 Ciceronis
319 2241 372 2305 Na
396 2258 609 2321 exponerem
631 2249 763 2321 utque
785 2237 934 2322 quidque
958 2239 1093 2302 ratione
1117 2239 1167 2301 die
1165 2250 1246 2301 tum
1275 2242 1343 2315 sit,
1377 2262 1445 2324 quo
1559 2298 1562 2305 ,

118 2337 275 2427 artificio
296 2337 518 2421 dispositum,
540 2335 631 2401 unde
652 2334 826 2398 inuentum
835 2335 978 2427 ,fae-Ne
998 2348 1115 2418 posset
1142 2335 1307 2418 intelligi,
1337 2354 1378 2396 ae
1399 2333 1452 2395 ad

116 2454 198 2498 eam
212 2452 284 2495 rem
296 2430 551 2515 suscipiendam
565 2449 633 2494 non
648 2431 762 2492 solum
772 2431 962 2497 autoritate
975 2433 1065 2505 Trea,
1079 2449 1166 2515 quae
1180 2449 1284 2513 quam
1299 2425 1447 2490 mauimi

115 2548 255 2599 uesper
269 2525 356 2619 suit
379 2525 475 2610 apud
499 2544 552 2588 me
574 2522 759 2608 ponderis,
796 2545 915 2587 oerum
940 2524 1046 2588 etiam
1065 2525 1249 2608 praecibus
1274 2542 1316 2586 ae
1337 2520 1448 2585 ratio·

113 2622 218 2687 nibus
238 2622 411 2685 adducere
431 2631 589 2685 conatus.
632 2619 713 2699 Ego
736 2634 815 2681 ueto
836 2630 915 2683 cell.

196 2715 315 2781 Diues
336 2715 511 2800 Fragment
532 2714 626 2776 cedet
648 2712 701 2774 BI.
726 2713 780 2777 Nl
802 2733 861 2777 so:

202 2812 361 2878 Primum
387 2810 499 2894 igitur
521 2822 768 2893 argumentum
793 2808 966 2873 orationis
992 2832 1061 2894 pre
1085 2802 1129 2895 ρ’.
1155 2807 1303 2893 Ligario
1324 2807 1447 2892 passeis

120 2924 310 2989 asponam,
340 2904 462 2995 deiude
484 2915 595 2969 status
617 2903 788 2968 rationem
810 2904 980 3003 aperiam.
1035 2908 1215 2969 Postremo
1239 2901 1287 2965 ad
1306 2900 1446 2985 singula

119 3001 323 3065 descendam
343 3011 377 3063 et
397 2998 617 3073 inuentionis,
653 2992 909 3081 dispositionis,
945 2999 1150 3062 elocutionis
1176 2996 1371 3079 artificium
1398 3017 1446 3060 ex

115 3094 249 3158 abditis
273 3093 381 3157 diuini
406 3093 558 3157 oratoris
584 3093 740 3156 sensibus
764 3102 985 3176 protractum
1012 3103 1230 3178 quantumr
1205 3093 1241 3157 in
1267 3100 1321 3157 me
1340 3093 1446 3195 situm

111 3201 182 3255 est
187 3188 253 3253 tibi
272 3188 484 3274 eaeterisque
503 3206 711 3293 propanam.

93 3326 100 3337 ι
201 3284 251 3347 Ee
271 3281 358 3368 ielgi
380 3285 461 3344 deun
484 3281 540 3344 11¹·
565 3281 614 3344 ein
637 3281 826 3358 Absehnilt,
853 3285 911 3347 (lec
932 3304 970 3347 so
993 3282 1146 3370 edlingi:

201 3378 425 3462 QVINTVS
444 3374 612 3460 Ligarius
637 3396 715 3439 eum
740 3390 830 3441 esset
856 3379 968 3440 adhsee
990 3376 1067 3441 belli
1092 3378 1201 3444 civilis
1225 3385 1377 3466 suspirio
1399 3388 1445 3452 le·

116 3485 225 3583 gatus
251 3472 288 3535 in
311 3466 478 3557 Africam
496 3466 683 3560 profectus
704 3483 767 3534 cet.
812 3472 898 3535 Blett
921 3471 979 3534 Χῖ)
1003 3456 1057 3534 hit
1081 3473 1155 3537 den
1164 3472 1284 3539 Custos
1306 3501 1447 3545 conver·

117 3569 233 3640 sione,
255 3567 317 3627 esd
340 3563 396 3627 neit
418 3564 535 3627 diesem
561 3564 678 3626 Worte
703 3563 791 3627 llihrt
813 3565 866 3628 Bl.
890 3566 993 3640 XF,
1017 3566 1161 3629 welches
1190 3571 1271 3632 nach
1295 3572 1355 3635 den
1382 3596 1445 3638 von

122 3662 180 3723 ier
197 3669 304 3722 “elea
319 3658 414 3722 Hand
433 3657 683 3743 geschrielseeen
700 3657 845 3721 Bliiltern
869 3610 1017 3723 71-8il.
1041 3660 1143 3744 Iolgl,
1167 3658 1248 3726 fort.
1292 3664 1361 3729 Der
1376 3669 1447 3731 Ab·
1529 3678 1534 3691 '

122 3753 241 3817 schnilt
267 3755 324 3816 dee
345 3751 486 3815 zweiteu
509 3752 602 3814 Hand
624 3751 727 3814 reieht
753 3750 801 3814 bis
827 3751 880 3815 Bl.
912 3755 1014 3833 100⁸,
1050 3752 1082 3815 ἰιι
1111 3754 1223 3817 dessen
1250 3757 1347 3821 Mille
1375 3760 1447 3824 eine

127 3848 221 3911 teitu
239 3846 337 3911 flend
356 3845 494 3921 eielritt,
523 3845 653 3909 welche
673 3842 724 3908 Isis
747 3865 802 3908 ens
824 3846 915 3909 Esde
940 3846 1168 3929 geeclsrielsen,
1198 3870 1256 3913 wo
1278 3852 1323 3931 (in
1346 3853 1447 3937 calce)

124 3940 176 4006 eie
197 3943 334 4007 Wlirtes
355 3940 449 4006 linis
470 3943 537 4003 und
558 3943 651 4018 τιλος
671 3940 780 4003 slehen
804 3941 884 4002 nach
903 3941 964 4003 deu
981 3941 1450 4035 Worlen·1lludpraeterea

121 4056 192 4104 non
210 4034 560 4123 praetermittendum
581 4034 700 4099 omnia
721 4034 856 4098 dicendi
880 4055 1011 4119 genera
1031 4038 1100 4099 late
1120 4049 1261 4145 patere.
1294 4039 1448 4149 adeoque

121 4133 159 4199 in
179 4131 278 4198 omni
301 4151 425 4215 genere
445 4127 609 4209 infimum
633 4127 804 4193 mediocre
829 4129 1005 4213 grande
990 4130 1139 4194 inueniri
1164 4134 1410 4220 multumque
1396 4154 1450 4199 tn·

120 4240 252 4293 teresse
273 4224 364 4289 inter
390 4245 451 4289 eos
474 4222 612 4287 dicendi
633 4225 864 4300 characteres,
889 4246 976 4309 quas
990 4222 1142 4308 figuras
1163 4228 1394 4311 appellamus,
1418 4240 1453 4294 et

119 4332 256 4385 ceteras
281 4320 452 4384 orationis
463 4316 632 4410 formas,
662 4317 713 4380 sie
733 4318 825 4381 enim
848 4315 917 4381 late
932 4317 1084 4403 figurae
1105 4331 1242 4401 patent,
1272 4331 1313 4383 ut
1333 4322 1453 4385 omnia

119 4417 411 4498 complectantur,
446 4425 485 4476 ut
509 4412 649 4496 singula
668 4411 810 4495 singula
833 4413 1038 4496 suscipiant.
1082 4414 1204 4497 Itaque
1225 4412 1262 4476 in
1288 4414 1454 4479 mediocri

113 4510 251 4595 figura
272 4507 365 4571 verlri
389 4527 497 4571 eausa
517 4527 628 4590 genus
654 4506 772 4568 acrius
797 4516 901 4590 atqeee
924 4505 1132 4569 acerrimum
1156 4505 1303 4570 inveniri
1322 4516 1452 4592 potest,

120 4602 441 4669 accommodatiora
461 4612 578 4665 tamen
597 4598 678 4663 aliie
698 4599 771 4665 elia
790 4619 866 4663 esse
887 4618 954 4661 non
977 4618 1158 4682 negamus.

181 4732 186 4738 ·
211 4696 276 4763 Die
299 4706 383 4759 erste
405 4696 501 4759 Hand
523 4694 580 4756 het
605 4691 673 4755 eleo
696 4693 738 4755 80
760 4713 824 4755 von
847 4691 900 4754 ihr
921 4691 1021 4755 selbst
1042 4695 1119 4757 reth
1141 4692 1312 4758 nomuirte'
1333 4692 1458 4759 Blitlec

125 4792 359 4882 peschi-lehem
383 4789 435 4854 dis
452 4786 573 4853 eweite
587 4785 637 4851 dis
659 4787 702 4849 Il)
715 4784 881 4851 zwisclseu
901 4785 952 4853 BI.
976 4788 1018 4851 ll)
1036 4809 1068 4851 ιι.
1092 4790 1130 4852 71
1154 4790 1357 4883 singelegten
1370 4789 1459 4854 nicht
