3328 5576
281 380 325 446 tt
872 378 1026 447 INDEX

197 564 200 581 ι
282 535 358 599 παι,
378 520 405 585 ti
427 522 656 605 tiburtinam,
682 521 710 583 ei
731 532 933 587 κατασκευαὶ
954 518 1258 605 suppeditaverunt,
1271 498 1340 586 ¹illo
1358 531 1518 604 tempore.
1533 520 1552 549 ''
1575 524 1620 587 ael

271 618 355 681 au.
379 615 411 680 Ι.
435 617 492 691 11,
516 617 549 678 1.
594 613 652 679 cf.
674 617 853 699 Περίοδοι.

362 710 519 787 Ἔννοια,
535 709 651 785 notio,
675 710 819 787 notitia,
842 710 1084 793 intelligentia.
1129 761 1146 791 „
1157 710 1227 773 Nee
1242 729 1322 774 vero
1337 709 1409 773 fieri
1425 708 1493 774 ιιιιο
1514 712 1617 775 modo

281 825 379 888 posse
401 808 517 884 (docet
541 804 731 884 Socrates),
758 815 792 867 ιιι
813 825 831 866 a
852 803 963 886 pueris
985 815 1035 868 tot
1057 825 1164 871 rerum
1197 814 1292 888 atque
1319 816 1476 871 tantarum
1505 803 1619 869 insitas

283 910 315 963 et
336 899 426 984 quasi
448 896 655 983 consignatas
675 897 709 960 in
731 896 843 961 animis
864 897 1034 972 notiones,
1060 919 1139 982 quas
1160 909 1288 975 ἐννοίας
1312 911 1447 974 vocant,
1479 900 1619 963 babere·

281 1014 368 1070 mus,
393 992 453 1061 nisi
474 992 596 1057 enimus
618 1002 690 1055 ante
713 1014 807 1075 quam
829 992 861 1055 in
883 1012 1004 1076 corpus
1026 992 1232 1071 intravisset,
1255 995 1287 1057 in
1301 1014 1411 1057 rerum
1429 993 1620 1079 cognitione

281 1087 453 1173 viguisset.
466 1087 486 1119 '²
530 1089 631 1152 Τιιιι.
656 1086 687 1150 1.
704 1086 771 1162 91,
802 1087 858 1151 57.
880 1122 921 1133 -
974 1087 1484 1172 ,Ἐννοιας-ιιοιιιιιι.ιρριιιιιι
1507 1100 1543 1152 ιιι
1567 1088 1620 1152 vi·

282 1182 438 1247 debare.'’
481 1184 586 1247 Aead.
609 1181 658 1245 11.
681 1185 698 1242 l
710 1224 721 1257 ,
745 1181 798 1245 22.
820 1212 862 1224 -
912 1179 1060 1262 „Cetera
1083 1194 1186 1245 autem
1209 1184 1337 1263 (mens)
1360 1182 1617 1247 similitudinibus

282 1276 462 1351 constitnit,
497 1297 539 1339 ex
565 1277 680 1360 quibus
702 1274 889 1339 efficiuntur
909 1275 1042 1340 notitiae
1064 1297 1189 1352 rernm,
1225 1299 1303 1362 quas
1327 1277 1448 1343 Graeci
1469 1299 1542 1342 cum
1563 1289 1619 1345 ἐν·

281 1382 390 1449 untne,
413 1383 478 1435 tum
502 1371 684 1459 προλήψεις
705 1369 861 1438 vocant.''
906 1371 1314 1448 Acas.11.1o,to.-
1358 1372 1533 1436 Notionem
1558 1391 1617 1454 ap·

280 1466 390 1548 pello,
419 1468 507 1551 qnod
537 1465 656 1529 Graeci
678 1475 744 1528 tum
767 1465 918 1542 ἔννοιαν,
952 1476 1017 1528 tum
1040 1466 1210 1553 πρόληψιν,
1231 1467 1353 1530 dieunt.
1399 1468 1448 1531 Ea
1470 1480 1519 1531 est
1541 1466 1618 1535 iusi·

279 1570 312 1624 ta
343 1572 376 1624 et
404 1572 477 1624 ante
505 1572 659 1644 percepta
681 1560 834 1646 cuiusque
855 1559 983 1624 formae
1005 1560 1170 1646 cognitio,
1204 1562 1403 1633 enodationis
1425 1559 1615 1647 indigens.''

282 1656 372 1738 Top.
397 1660 438 1733 7,
463 1655 517 1719 31.
539 1687 580 1703 ·-·
625 1655 748 1729 „Sisnnl
771 1666 877 1719 autem
900 1654 985 1737 cepit
1006 1653 1266 1739 intelligentiam,
1293 1657 1343 1719 rel
1365 1657 1529 1721 notionem
1553 1675 1615 1737 po·

279 1747 343 1812 tius
366 1783 408 1795 ·-
430 1771 524 1833 quam
547 1750 710 1832 appellant
731 1750 864 1816 ἔννοιαν
885 1747 933 1812 1111
954 1783 996 1795 »-
1020 1732 1285 1834 viditqne'rernm
1309 1754 1503 1834 agendarum
1525 1747 1614 1813 ordi·

156 1843 158 1846 ⁴
280 1861 351 1906 nem
374 1854 425 1919 et,
451 1856 485 1907 ut
506 1844 551 1908 ita
572 1845 691 1921 dicam,
715 1841 942 1909 concordiam:
981 1844 1082 1907 multo
1105 1865 1173 1907 eam
1196 1844 1298 1926 pluris
1319 1845 1498 1909 aestimavit
1519 1863 1615 1928 quam

281 1933 388 2011 omnia
410 1936 482 2014 illa,
507 1960 589 2023 quae
611 1938 714 2020 prima
736 1935 931 2002 dilexerat.’'
961 1940 1001 2001 de
1023 1938 1122 2001 Finn.
1145 1937 1214 2001 111.
1238 1938 1275 2013 6,
1300 1939 1354 2003 91.
1377 1973 1419 1987 -
1457 1938 1614 2006 Ἕννοιαι

283 2041 359 2094 sunt
394 2031 502 2113 primo
536 2032 689 2097 notiones
720 2053 828 2096 rerum
857 2030 890 2093 in
923 2031 1034 2095 animis
1065 2043 1179 2096 natura
1208 2032 1319 2096 insitae
1348 2045 1380 2097 et
1409 2032 1618 2119 consignatae

281 2127 417 2191 Tuseul.
447 2126 478 2189 1.
509 2126 563 2191 91.
592 2128 674 2190 unde
702 2137 813 2193 κοιναὶ
840 2126 969 2193 ἔννοιαι
990 2125 1159 2201 notiones,
1190 2128 1273 2190 hane
1293 2126 1395 2209 ipsam
1418 2128 1463 2191 ob
1484 2148 1614 2193 censam

281 2239 490 2296 communes,
520 2219 594 2305 quir
617 2231 730 2283 natura
752 2220 862 2283 insitae
884 2232 975 2294 sunt;
999 2219 1086 2283 alind
1107 2240 1208 2304 genus
1230 2231 1279 2285 est
1300 2225 1452 2308 ἐννοιῶν,
1484 2223 1525 2287 ιιι
1548 2210 1626 2306 quo

282 2314 386 2384 Acad.
408 2315 458 2379 11.
483 2316 523 2379 10
546 2326 578 2379 ιι
601 2319 634 2379 1.
659 2316 749 2398 Top.
772 2317 802 2380 1.
823 2316 896 2379 Hae
918 2325 991 2393 sunt
1013 2314 1157 2379 notitiae
1179 2336 1309 2393 rerum,
1333 2340 1352 2380 e
1373 2316 1456 2380 uisis
1477 2315 1613 2379 extrin-

280 2415 380 2473 secus
401 2409 555 2494 arreptis
576 2421 611 2473 et
630 2409 723 2474 iuter
743 2432 781 2474 se
796 2408 1008 2492 comparatis
1022 2408 1249 2485 constitutae,
1273 2432 1361 2495 quae
1382 2422 1416 2473 et
1431 2410 1613 2494 προλήψεις

277 2516 460 2568 vorantur.
511 2504 622 2568 Porro
650 2506 689 2569 de
718 2504 792 2570 Fin.
817 2503 886 2568 Ill.
910 2504 942 2568 6.
966 2503 1080 2569 ἔννοια
1104 2503 1214 2567 Stoica
1236 2516 1285 2569 ost
1305 2504 1542 2588 intelligentia
1564 2506 1614 2566 nel

279 2597 393 2675 notio,
425 2619 486 2681 qna
510 2597 654 2662 videmus
676 2618 786 2665 rerum
808 2600 1003 2682 agendarum
1026 2596 1170 2660 ordinem
1200 2608 1233 2662 et
1265 2599 1355 2681 quasi
1386 2598 1610 2671 concordiam,

282 2712 377 2776 qoam
404 2692 459 2756 ubi
486 2695 586 2757 homo
616 2693 721 2776 cepit,
755 2693 876 2768 multo,
908 2705 943 2755 ut
972 2691 1079 2768 aiunt,
1111 2691 1212 2775 pluris
1243 2714 1280 2756 ea
1301 2691 1464 2770 aestimat,
1497 2713 1609 2779 quam,

279 2807 361 2869 quae
383 2785 520 2867 primum
542 2785 700 2850 dilexerat
721 2797 784 2849 eet.
809 2787 895 2849 Ειιιι.
1430 2826 1436 2837 ι

360 2882 423 2946 Ἐν
444 2882 627 2963 ὃμοπλοίᾳ,
655 2880 692 2942 iu
712 2879 877 2944 societate
898 2878 1101 2964 navigandi.
1154 2884 1236 2960 ,Ἓν
1261 2884 1427 2967 &pentola
1450 2879 1545 2947 Bruti
1568 2879 1613 2943 vi·

282 2973 376 3036 detur
412 2973 534 3059 aliquid
565 2973 716 3057 praesidii
752 2973 865 3040 esse.''
913 2976 954 3038 ad
987 2975 1058 3037 Au.
1092 2975 1194 3041 XVI.
1232 2979 1267 3051 1,
1306 2978 1337 3040 3.
1388 2972 1490 3040 Cani.
1521 2996 1550 3039 ι.
1582 2996 1612 3039 v.

274 3065 471 3151 Ὀμοπλοία

228 3220 238 3227 t
360 3165 422 3229 'Eu
448 3176 621 3251 παρέργῳ,
645 3163 774 3228 obiter:
809 3167 900 3246 ,Ἓν
923 3178 1086 3253 παρέργῳ·
1116 3166 1156 3229 de
1185 3164 1342 3231 dictatore
1372 3176 1476 3230 tamen
1507 3170 1613 3239 aetum

278 3256 381 3321 adhue
403 3256 480 3322 nihil
502 3257 593 3322 est.''
625 3261 678 3323 ad
699 3258 744 3340 Q.
766 3257 811 3322 fr.
834 3252 900 3324 111.
924 3260 963 3336 3,
988 3259 1021 3324 3.

361 3354 423 3429 ’,Εν
444 3353 595 3440 παρόδῳ.
620 3353 847 3433 intransitu,
869 3354 991 3418 obiter.
1036 3356 1077 3418 ad
1097 3356 1169 3419 Att.
1193 3356 1240 3419 V.
1264 3355 1322 3431 90,
1345 3357 1377 3420 0.

361 3449 423 3517 Ἐν
444 3452 601 3530 πολιτικῷ
623 3467 763 3533 genere,
785 3447 823 3511 in
844 3470 886 3513 eo
906 3469 1050 3532 genere,
1075 3449 1169 3534 quod
1188 3449 1237 3511 ad
1249 3449 1473 3533 reipublicae
1495 3446 1610 3513 mode·

279 3540 454 3608 rationem
479 3553 624 3625 spectat.
674 3541 807 3616 ,Multa
834 3541 1016 3606 mehercule
1046 3555 1117 3606 ate
1139 3562 1234 3627 saepe
1255 3553 1290 3609 ἐν
1313 3547 1471 3624 πολιτικῷ
1492 3562 1612 3628 genere

279 3636 467 3719 prudenter.
478 3634 497 3663 ''
540 3637 581 3698 ad
601 3635 676 3700 An.
697 3636 799 3700 XVI.
824 3637 881 3713 ts,
907 3636 938 3701 3.

360 3730 575 3823 Ἒνσγρολάζω
603 3755 675 3807 σοι,
699 3729 879 3814 acquiesco
900 3731 936 3793 in
958 3741 1007 3808 te,
1032 3731 1125 3809 otior
1145 3743 1274 3807 tecum,
1306 3743 1419 3797 ίιιιιτιι
1439 3728 1614 3818 confabu-

220 3816 222 3820 ’
278 3823 386 3891 lando
406 3836 542 3906 tempor
551 3822 668 3917 sallo.
714 3824 896 3907 „Libenter
918 3825 999 3891 enim
1021 3824 1125 3890 inhia
1147 3825 1300 3890 molestiis
1320 3828 1510 3907 ε’νσχολάςω
1524 3827 1611 3892 οοι.”

157 3966 160 3977 ,
277 3919 317 3981 ad
339 3918 414 3982 nu.
436 3918 521 3983 Vll.
545 3921 603 3995 11,
627 3919 660 3985 9.

190 4070 199 4085 ,
363 4013 555 4094 Ἐντάφιον.
610 4014 703 4089 ,Vel
734 4026 768 4080 tu
800 4015 878 4080 illud
909 4014 1102 4102 ἐγγήραμα,
1137 4017 1402 4099 quemadmodum
1433 4018 1612 4102 scripsisti,

281 4107 334 4179 rel
360 4107 520 4189 ἐντάφιον
545 4108 697 4191 putato.''
741 4111 782 4172 ad
808 4111 882 4173 Att.
904 4109 991 4173 Xli.
1024 4108 1083 4184 29,
1116 4107 1213 4171 9.-
1258 4109 1308 4177 De
1329 4111 1395 4175 hoe
1416 4117 1524 4183 verbo
1545 4115 1614 4181 rid.

280 4211 412 4284 praeter
450 4202 531 4267 alios
567 4201 724 4267 Perizon.
765 4206 806 4266 ad
836 4202 965 4267 Aelian.
996 4203 1044 4267 V.
1076 4201 1123 4265 H.
1147 4202 1177 4266 1.
1203 4204 1277 4279 10,
1302 4204 1358 4287 qui
1381 4207 1493 4286 docet,
1519 4211 1615 4278 εἰπά-

260 4318 367 4377 ’φιον
401 4317 472 4360 esse
505 4299 720 4381 quodcunque
753 4308 972 4362 ornamentum
1005 4297 1140 4373 mortui,
1178 4318 1249 4359 enm
1290 4297 1321 4360 in
1360 4300 1443 4366 atrio
1477 4305 1615 4386 exponi·

280 4401 349 4464 tur,
373 4390 544 4473 sepelitur:
575 4393 658 4455 uode
679 4391 889 4472 ἐνταφιάζειν
910 4390 1025 4453 dicitur
1047 4402 1117 4455 tota
1139 4390 1193 4454 illa
1216 4411 1310 4468 cure,
1335 4414 1417 4476 quae
1440 4402 1614 4473 ornando,

281 4486 461 4550 condiendo
487 4487 720 4570 condendoque
749 4497 878 4550 mortuo
908 4485 1089 4549 adhibetur.
1122 4508 1156 4547 v.
1188 4483 1311 4567 Cuper.
1335 4489 1481 4559 Obserr.
1507 4491 1556 4555 11.
1580 4492 1614 4556 0.

281 4579 359 4642 Ηοι
388 4580 464 4645 ioco
491 4580 559 4663 ipse
590 4581 620 4645 l.
638 4581 698 4644 Fr.
723 4579 911 4645 Gronovius
933 4578 1163 4660 interpretatur
1183 4584 1377 4662 sepultura.
1422 4584 1527 4649 Horti
1550 4585 1614 4661 illi,

281 4671 405 4757 inquit,
429 4686 523 4737 eruut
552 4694 616 4737 non
639 4675 737 4737 modo
760 4671 886 4756 requies
908 4673 1097 4747 senectutis,
1130 4693 1188 4736 sen
1208 4676 1398 4761 ἐγγήραμα,
1434 4691 1471 4745 ιιι
1497 4691 1533 4743 tu
1557 4679 1616 4745 ali·

282 4768 411 4850 quaudo
432 4766 609 4851 scripsisti,
632 4769 691 4830 sed
711 4767 869 4847 ἐντάφιον
890 4768 990 4842 adeo,
1014 4766 1149 4852 requies
1171 4770 1313 4833 mortui.
1355 4772 1432 4833 Non
1451 4773 1612 4849 absurde,

282 4881 346 4945 qua
366 4882 513 4938 sensum3
536 4861 635 4927 modo
658 4862 792 4927 verbum
815 4861 976 4925 Graecum
999 4879 1069 4925 eum
1092 4873 1273 4943 pateretur.
1318 4861 1489 4954 Constat,
1507 4868 1613 4937 tim.
