3490 5586
491 380 665 459 ‚lunen
686 381 1038 453 FORMULARUM.
1377 387 1440 455 stt

114 523 281 592 Valerium
303 543 389 589 coss.
411 522 491 587 dixit
512 534 561 589 et:
584 524 826 589 autoritatem
843 526 1110 611 praerogatione
1129 549 1247 593 ornnes
1264 530 1439 607 rennuitae

117 631 249 685 aarum
277 630 372 683 sunt.
401 654 439 664 —
472 618 532 692 27,
564 617 596 680 b.
626 620 670 695 (a.
700 640 734 680 ιι.
765 640 795 680 c.
818 620 905 699 545).
946 620 1089 687 Galeria
1117 622 1311 698 iuniorum,
1350 646 1438 711 quaa

118 726 206 779 sorte
225 712 474 797 praerogativa
487 724 579 787 erat,
606 715 650 795 Q.
671 712 826 776 Fulvium
843 726 877 775 et
894 717 937 797 Q.
954 715 1095 779 Fabium
1113 722 1269 782 consules
1282 720 1435 795 dixerat,

117 809 295 891 eodemque
312 808 388 869 inre
411 817 550 870 uocatae
569 803 738 890 (centurias
756 806 896 891 intellige
913 829 953 870 ex
973 809 1047 873 loco
1065 816 1275 891 praecedente
1291 813 1350 886 26,
1368 812 1435 889 22„

116 924 175 965 non
198 901 315 980 tribus)
337 900 577 974 inclinassent,
611 900 649 963 ni
674 899 804 963 tribuni
822 905 873 983 pl.
897 905 936 967 0.
963 914 997 965 et
1024 906 1067 967 L.
1098 908 1243 969 Arennii
1267 928 1304 970 se
1329 906 1436 970 inter·

110 998 304 1082 posuissent
325 1006 407 1070 cet.,
440 992 496 1077 quii
520 993 585 1057 loci
608 993 736 1057 Liviani
760 998 924 1079 quomodo
950 1018 1019 1059 cum
1046 1009 1158 1062 nostra
1184 1000 1335 1063 sententia
1359 1021 1438 1065 con·

114 1091 235 1155 eiliandi
264 1090 345 1165 sint,
369 1102 446 1153 m‘on
467 1087 767 1153 demonstrabimus.
811 1090 925 1153 Restat
950 1090 1029 1153 alius
1055 1112 1072 1154 a
1098 1094 1309 1159 Huellmanno
1332 1099 1434 1160 unm.

112 1182 450 1272 Grundoerfassnng
478 1205 514 1264 p.
537 1182 612 1246 299.
643 1183 755 1245 allatus
778 1184 815 1259 5,
842 1184 893 1248 18.
924 1185 969 1266 (a.
994 1207 1026 1248 n.
1050 1207 1081 1249 c.
1109 1187 1211 1268 358).
1255 1191 1360 1253 Haud
1383 1191 1438 1263 in·

108 1280 185 1343 vitis
207 1279 367 1361 patribus
392 1277 791 1342 incantamentum
814 1281 1063 1363 praerogatiua
1085 1282 1261 1346 tribunum
1289 1285 1436 1349 militum

109 1373 285 1453 (consulari
307 1378 479 1454 potestate)
500 1383 637 1448 creant,
661 1405 676 1419 -
697 1409 711 1421 -
734 1392 918 1456 omnesque
941 1373 1096 1458 deinceps
1116 1399 1164 1440 ese
1185 1380 1330 1462 collegio
1351 1378 1437 1445 eius-

107 1468 182 1530 dem
204 1466 291 1529 anni
313 1464 414 1543 rejici
433 1466 638 1552 apparebam
656 1500 679 1516 ··
700 1502 714 1514 -
734 1466 794 1549 qui
814 1467 1015 1550 priusquam
1037 1471 1333 1548 renuntiarentur,
1361 1472 1437 1535 iure

104 1561 234 1625 voeatis
261 1558 417 1624 tribubus
444 1560 619 1642 permissu
644 1561 830 1643 interregis
856 1562 896 1623 P.
927 1561 1081 1625 Licinius
1111 1566 1235 1628 Calvus
1260 1566 1312 1629 ita
1334 1567 1436 1630 uerba

91 1655 191 1748 facit
212 1665 278 1719 cet.
324 1657 447 1718 Verum
476 1665 563 1717 recte
590 1653 784 1721 Niebuhritls
814 1655 901 1723 Hist.
933 1655 1030 1721 Rom.
1061 1657 1124 1723 Ed.
1152 1656 1208 1722 al't.
1238 1660 1269 1723 2.
1299 1682 1333 1742 p.
1357 1662 1433 1723 tta.

67 1760 70 1767 ’
102 1752 208 1821 locutu
232 1753 318 1813 huuc
337 1752 374 1815 de
394 1746 530 1811 comitiis
553 1748 681 1813 tributis
702 1770 765 1817 nou
788 1747 974 1813 centurialis
989 1749 1215 1832 interpretatus
1231 1765 1291 1816 cst.
1337 1754 1434 1835 Quod

103 1868 182 1911 vero
199 1845 311 1909 attinet
326 1846 366 1907 ad
381 1840 453 1905 Cic.
477 1844 515 1905 de
539 1841 610 1926 lcge
632 1838 702 1927 agr.
723 1843 763 1918 2,
789 1844 821 1905 i.
845 1864 898 1905 me
914 1865 982 1906 non
1004 1856 1162 1908 extrema
1175 1847 1286 1911 tribus
1303 1846 1433 1935 suffra·

104 1941 261 2024 giorum,
286 1937 346 2003 sed
364 1936 471 2020 primi
492 1936 545 1999 illi
566 1938 668 2002 vestri
687 1958 894 2011 concursus,
918 1959 1025 2022 neque
1040 1939 1198 2023 singulae
1217 1962 1313 2005 voces
1329 1965 1435 2025 prae-

107 2055 246 2109 conum,
278 2033 339 2096 sed
364 2052 434 2093 una
456 2053 533 2094 voce
554 2031 734 2095 uniuersus
751 2033 903 2125 populus
925 2034 1103 2099 Romanus
1126 2037 1298 2099 consulem
1322 2037 1434 2109 decla·

109 2129 211 2190 ravit:
249 2124 371 2209 optime
393 2127 472 2188 baec
496 2124 740 2207 explicaverunt
767 2120 827 2199 iam
852 2126 1078 2202 Lauredanus,
1110 2126 1230 2204 idest,
1261 2129 1431 2215 Sigonius,

112 2223 297 2296 Turnebus,
322 2219 501 2297 Ferratus,
525 2241 605 2302 quos
630 2219 714 2282 vide.
759 2220 824 2282 Alii
847 2233 950 2282 alitem
973 2221 1054 2297 loci,
1079 2242 1161 2304 quos
1186 2244 1249 2305 pro
1271 2225 1335 2287 suis
1359 2225 1432 2308 opi·

112 2314 252 2377 sionibus
273 2315 390 2377 afferre
412 2315 518 2378 solent
539 2313 579 2389 ii,
609 2314 665 2396 qui
689 2313 835 2401 tribubus
858 2315 1022 2377 maximam
1050 2314 1113 2377 rim
1140 2315 1172 2378 in
1198 2316 1333 2381 comitiis
1360 2340 1433 2382 ceo·

111 2407 228 2471 turiatis
248 2407 403 2475 tribuunt.
429 2428 486 2468 nec
507 2418 610 2469 tamen
626 2406 719 2469 aliter
737 2429 802 2471 rem
820 2407 1004 2488 expediunt,
1028 2407 1088 2470 nisi
1107 2420 1140 2470 ut
1157 2412 1309 2474 adversus
1329 2412 1434 2475 omnia

110 2500 309 2585 antiquorum
326 2499 502 2577 ,testimonia
519 2505 615 2564 modo
632 2503 703 2581 70„
721 2505 817 2566 modo
834 2502 929 2576 322„
954 2503 1050 2565 modo
1073 2501 1146 2566 350.
1161 2504 1318 2566 centurias
1332 2505 1431 2570 luisse

109 2598 314 2670 contendant,
339 2619 407 2658 cum
431 2618 556 2677 semper
577 2596 695 2659 suerint
718 2597 790 2679 193.
818 2598 997 2668 dumtaxat,
1021 2599 1138 2659 autad
1163 2596 1288 2660 comitia
1313 2599 1430 2663 tributa
1466 2652 1468 2657 .

109 2690 281 2770 pertinent,
314 2702 347 2753 ut
374 2712 436 2773 pro
465 2691 599 2754 Plancio
622 2712 649 2754 c.
672 2690 746 2764 20.;
780 2702 833 2751 alit
859 2688 1104 2772 adpetitionem
1128 2691 1310 2757 consulatus
1337 2692 1431 2777 (quae

113 2784 219 2864 ntique
246 2784 405 2867 tributim,
441 2806 506 2847 non
534 2783 729 2848 centuriatim
763 2780 890 2868 flebat),
922 2804 987 2846 non
1018 2786 1058 2845 ad
1089 2783 1216 2847 comitia
1247 2785 1430 2850 referuntur

114 2877 210 2939 veluti
229 2879 272 2958 Q.
296 2881 363 2944 Cic.
386 2883 424 2941 de
446 2880 522 2971 Pet.
545 2900 637 2942 cons.
660 2878 692 2941 8.
716 2879 775 2961 qui
799 2878 896 2961 apud
919 2877 1107 2941 tribules
1134 2899 1217 2942 suos
1241 2880 1432 2962 plurimum
1543 2959 1544 2962 Ἴ

112 2971 229 3053 gratia
246 2986 408 3055 possunt,
439 2973 492 3035 tui
515 2974 690 3036 studiosos
711 2973 754 3034 in
783 2972 997 3034 centuriis
1019 2971 1165 3035 babebis.
1210 2973 1248 3035 In
1270 2972 1307 3035 iis
1329 2994 1430 3048 vero,

113 3085 192 3149 quae
211 3067 304 3131 babet
324 3068 646 3135 Pseudo-Asconius
660 3069 700 3131 ad
716 3069 816 3130 Verr.
833 3068 909 3130 Act.
928 3070 965 3142 1,
983 3067 1016 3130 9.
1038 3056 1303 3150 praerogativae
1321 3069 1431 3147 tribus

108 3171 201 3236 sams,
223 3183 310 3246 quae
321 3162 457 3244 primas
479 3159 692 3249 suffragium
701 3158 836 3251 ferunt
856 3172 935 3224 ante
956 3161 1032 3226 iure
1051 3173 1189 3227 normas
1205 3173 1288 3237 cet„
1314 3163 1432 3239 Gram-

104 3256 238 3333 maticus
265 3255 354 3321 tertii
380 3257 432 3319 vel
458 3257 562 3342 quarti
586 3268 659 3339 post
682 3253 765 3319 Chr.
791 3255 889 3318 seculi
916 3255 1081 3321 manilesto
1111 3256 1269 3320 centurias
1295 3277 1432 3339 praero-

105 3351 229 3435 gativas
251 3372 321 3415 cum
345 3349 490 3421 tribubus
516 3344 672 3417 confudit.

186 3448 306 3509 'l'otam
338 3456 440 3507 alitem
473 3467 539 3509 rom
568 3445 614 3508 sic
646 3443 885 3507 describendam
917 3464 985 3507 esse
1012 3443 1215 3525 arbitramur.
1267 3446 1431 3527 't'enporo

103 3541 192 3605 nobis
214 3540 346 3624 ignoto,
371 3538 510 3605 fortasse
531 3553 606 3622 post
628 3560 657 3600 a.
675 3561 707 3601 ιι.
724 3561 753 3601 c.
773 3539 847 3601 533.
871 3537 1054 3622 (Goettling
1075 3541 1168 3601 Berl.
1190 3538 1310 3603 Jahrb.
1335 3539 1430 3611 1833.

102 3655 135 3714 p.
158 3636 270 3715 711.),
295 3653 424 3714 enque
446 3635 598 3697 XXXV.
622 3643 803 3695 transerunt
822 3631 938 3711 tribus,
969 3642 1055 3695 certe
1078 3643 1149 3699 astte
1171 3654 1202 3694 a.
1225 3654 1257 3695 ιι.
1279 3653 1310 3694 c.
1333 3632 1429 3715 5l0.‚

106 3729 142 3791 ad
162 3748 260 3813 quem
285 3726 424 3790 refertur
447 3726 534 3789 Livii
558 3725 770 3790 testimonium
794 3725 849 3800 tt,
874 3728 925 3799 7.,
950 3746 1084 3806 prorsus
1103 3735 1219 3791 motata
1236 3735 1285 3787 est
1303 3724 1431 3809 antiqua

106 3820 303 3887 comitiorum
320 3820 568 3891 centuriatorum
587 3820 683 3896 ratio,
697 3817 833 3882 servatis
849 3831 950 3881 tamen
967 3817 1075 3880 saltem
1091 3819 1321 3882 nominetenus
1337 3818 1430 3899 quin·

106 3934 164 3994 que
189 3915 344 3981 classibus
366 3927 398 3979 ct
420 3936 551 3977 numero
576 3913 788 3979 centuriarum
813 3911 1018 3995 193.,qnen1
1043 3911 1243 3981 constituisse
1266 3910 1430 3977 ferebatur

103 4009 234 4075 Servius
259 4010 384 4074 'l'ullius
408 4008 495 4088 (Cic.
515 4012 553 4071 de
573 4010 658 4090 Rep.
683 4007 721 4085 2,
746 4007 799 4073 22.
830 4005 929 4068 Dion.
951 4004 1058 4067 Halic.
1083 4005 1119 4081 lt,
1146 4008 1183 4066 17
1207 4015 1239 4096 et
1260 4006 1319 4081 10,
1346 4007 1426 4083 17.).

101 4102 183 4178 Ian,
197 4104 324 4167 utscite
343 4102 570 4167 demonstrarit
582 4103 711 4187 boner,
734 4102 835 4184 prima
852 4099 959 4163 classis
974 4098 1111 4161 babebat
1127 4101 1178 4161 to.
1194 4096 1370 4175 ccnturias,
1392 4097 1428 4163 in

97 4196 236 4284 singulis
258 4198 405 4261 tribubus
420 4196 509 4260 binas
524 4192 614 4280 (biv.
629 4189 668 4272 l,
686 4195 771 4273 dd),
797 4216 886 4256 ιιιιιιιιι
903 4192 1081 4267 iuniorum,
1104 4191 1263 4263 seniorum
1280 4192 1423 4268 alteram,

95 4290 125 4354 e't
138 4291 169 4357 in
185 4290 239 4355 bis
256 4292 308 4353 70.
327 4289 475 4356 centuriis
494 4288 646 4355 adiunctis
662 4288 825 4353 duodecim
842 4287 992 4352 centuriis
1010 4287 1166 4371 equitum,
1190 4307 1248 4349 sex
1262 4285 1426 4369 sttffragiis
1527 4294 1532 4309 '

92 4381 244 4469 (Festus)
254 4397 285 4447 et
295 4408 355 4449 tina
371 4383 512 4448 centuria
527 4384 651 4467 labrum
663 4383 886 4468 tignariorum,
900 4380 1095 4465 (qttaru'dicis
1108 4400 1214 4456 causa,
1229 4391 1264 4443 ut
1277 4381 1344 4445 sine
1357 4381 1423 4451 ullo

93 4480 302 4544 comitiorum
333 4479 476 4561 ipsorum
505 4479 712 4551 detrimento,
746 4475 838 4539 etiam
864 4475 990 4537 infimae
1016 4472 1106 4556 plebi
1135 4472 1225 4537 locus
1251 4474 1362 4558 aliquis
1390 4475 1421 4537 in

91 4572 235 4637 comitiis
255 4571 439 4635 centuriatis
457 4570 586 4647 relictus
608 4568 785 4643 videretur,
810 4591 880 4632 eum
895 4569 998 4651 prima
1013 4567 1111 4630 classe
1129 4567 1420 4647 consociaverant),

93 4687 218 4733 summa
238 4677 289 4740 et,
324 4676 359 4731 ut
383 4667 426 4729 ita
449 4665 567 4738 dicam,
600 4683 716 4725 nervus
739 4663 941 4728 comitiorum
967 4659 1179 4741 consistebat:
1214 4682 1283 4739 nam
1305 4664 1343 4733 ad
1365 4662 1419 4724 89.

93 4760 151 4835 llos
178 4760 339 4847 centurias
370 4761 396 4833 si
425 4782 466 4825 ex
491 4759 630 4843 secunda
654 4754 747 4845 classi
775 4758 965 4856 accedebant
988 4756 1021 4841 ll,
1045 4757 1147 4847 solae,
1179 4754 1326 4849 tsgtiecta
1352 4765 1422 4825 erat
