3328 5576
275 314 295 377 a
860 296 1038 380 rnnnx'

358 462 641 546 ’Aparapslaroe,
668 479 739 523 non
762 456 1001 542 poenitendus.
1054 455 1186 535 „Quare
1212 451 1359 516 celeritas
1389 451 1490 516 nostri
1516 450 1607 515 redi-

275 565 327 618 tus
353 560 593 641 ἀμεταμέλητος
614 557 710 618 debet
731 551 855 623 esse.''⁸
871 554 910 614 ad
938 554 1009 616 Att.
1041 551 1126 614 Vll.
1151 550 1187 622 3,
1214 548 1312 612 2.-
1356 549 1414 631 „0
1440 547 1607 630 hospitem

277 649 352 713 mihi
378 660 441 713 tam
472 653 626 735 gravem!
660 653 917 734 ἀμεταμέλητον.
972 645 1048 709 Fuit
1072 644 1154 708 enim
1181 641 1417 726 periucunde.''
1454 645 1494 706 ad
1527 645 1606 706 Art.

273 744 376 809 XIII.
400 746 461 822 52,
490 746 523 809 1.

288 833 291 847 '
356 842 564 925 Ἀνηχανια,
588 838 707 922 inopia
732 838 880 903 consilii.
927 836 1007 914 ,Dii
1031 836 1130 902 boni!
1161 847 1276 920 quanta
1301 833 1523 920 ἀμηχανία1”
1564 836 1609 898 ad

273 932 347 998 Au.
374 937 460 999 XV.
483 936 541 1010 29,
567 939 598 998 1.

352 1028 553 1117 Ἆμορφον,
595 1028 756 1121 deforme
789 1040 823 1092 et
853 1041 967 1111 turpe.
1020 1029 1102 1101 „Est
1125 1026 1207 1090 enim
1229 1026 1403 1114 ἄμορφον,
1433 1027 1610 1090 ἀντιπολι-

272 1138 444 1209 τευομένου
464 1133 699 1209 χρεωφειλέτην
729 1122 839 1187 esse.’'
884 1127 923 1186 ad
948 1126 1020 1187 Art.
1048 1122 1131 1188 VII.
1153 1123 1190 1197 8,
1216 1122 1249 1186 5.

353 1219 551 1304 ”Αμπνευμοι
573 1221 692 1304 σεμνὸν
715 1222 881 1300 Ἀλφεοῦ,
909 1216 1096 1300 respiratio
1112 1216 1307 1280 veneranda
1330 1215 1466 1299 Alphei.
1510 1215 1611 1295 „Fac

273 1332 339 1376 non
361 1315 401 1374 ad
423 1319 578 1395 διψῶσαν
606 1315 743 1399 κρήνην,
779 1315 835 1376 sed
867 1315 906 1374 ad
932 1311 1103 1398 Πειρήνην
1123 1332 1192 1374 eum
1219 1311 1345 1374 venisse
1368 1322 1401 1374 et
1427 1310 1609 1396 ἄμπνευμα

274 1409 394 1492 σεμνὸν
417 1409 568 1491 Ἀλφεοῦ
593 1408 625 1471 in
652 1419 700 1483 te,
731 1418 765 1471 ut
792 1407 926 1482 scribis,
957 1406 1105 1482 hartrire,
1137 1406 1168 1467 iu
1197 1405 1295 1469 tantis
1322 1405 1387 1469 suis
1414 1403 1609 1486 praesertim

274 1501 470 1585 angustiis.’'
493 1505 533 1564 ad
557 1505 629 1566 Att.
655 1501 739 1566 XII.
763 1503 804 1576 5,
829 1505 860 1565 1.
905 1503 986 1565 Sunt
1007 1502 1106 1564 verba
1136 1499 1270 1564 Pindari
1296 1500 1391 1562 Nem.
1416 1500 1447 1563 I.
1472 1503 1504 1563 1.
1550 1498 1610 1561 Sic

273 1595 414 1679 appellat
436 1597 649 1675 Arethusam,
674 1597 731 1663 διὰ
748 1598 784 1662 τὸ
801 1600 987 1682 ἀποῤῥῶγα
1013 1607 1071 1665 καὶ
1092 1593 1163 1661 οἷον
1185 1595 1293 1679 στόμα
1314 1595 1371 1674 τήν
1393 1596 1610 1682 Ἀρέθουσαν

272 1691 394 1779 κρήνην
415 1696 474 1758 rori
488 1692 638 1773 Ἀλφεοῦ
660 1693 763 1767 εἶναι,
787 1703 823 1755 ut
848 1691 891 1754 ait
919 1689 1128 1755 scholiastes.
1174 1690 1262 1753 Ean.

359 1786 538 1871 Ἀμύμων,
562 1787 742 1871 egregius,
763 1788 983 1869 praeclarus.
1006 1786 1078 1866 „Et
1089 1784 1150 1861 ais,
1176 1787 1242 1869 μετ’
1266 1782 1431 1868 ἀμύμονα.
1455 1786 1507 1849 'Iu
1524 1781 1609 1851 veru

272 1881 425 1966 ἀμύμων.
471 1880 532 1944 Ille
551 1881 677 1963 quidam
697 1879 905 1968 ἅμβροτος.”
938 1881 990 1942 -ad
1008 1884 1081 1942 All.
1106 1879 1209 1942 XVI.
1234 1879 1274 1953 5,
1299 1879 1330 1943 5.

353 1976 582 2060 Ἀμφιβολία,
613 1975 775 2060 ambigue
805 1974 948 2038 dictum.
993 1975 1123 2053 „Acuta
1153 1971 1386 2057 ἀμφιβολίο.”
1441 1975 1481 2035 ad
1509 1975 1608 2039 Fam.

271 2068 357 2134 VII.
381 2071 441 2145 32,
466 2070 498 2132 2.
522 2102 565 2113 -
609 2068 710 2134 Conl.
732 2073 774 2133 ad
797 2070 943 2133 Herenn.
966 2068 1015 2133 II.
1042 2070 1100 2140 11,
1128 2068 1181 2130 lh.

354 2163 576 2248 Ἀμςοιλαφία
599 2164 669 2240 (vel
692 2165 930 2248 ciuncioleno)
961 2162 1038 2225 mihi
1062 2160 1190 2224 videtur
1216 2182 1286 2225 esse
1306 2160 1462 2226 cautionis
1485 2183 1610 2247 genias,

274 2278 345 2320 cum
373 2278 442 2321 eam
467 2259 624 2323 rationem
650 2268 813 2334 tenemus,
837 2271 872 2320 ut
896 2261 935 2320 ad
954 2268 1126 2341 utrumque
1148 2256 1250 2338 parati
1280 2255 1397 2331 simus,
1422 2268 1475 2333 ut,
1499 2259 1611 2341 quod·

273 2371 399 2436 cunque
422 2352 592 2428 acciderit,
624 2374 665 2416 eo
689 2364 779 2416 recte
806 2353 851 2416 uti
874 2350 1053 2435 possimus3
1088 2360 1123 2413 ut
1146 2352 1280 2413 duarum
1308 2369 1416 2413 rerum
1438 2351 1533 2413 simul
1555 2373 1612 2415 ra-

273 2444 394 2510 tionem
416 2447 610 2523 habeamus,
634 2468 767 2533 quarum
790 2469 851 2511 una
883 2445 1008 2510 videtur
1031 2467 1102 2509 cum
1126 2445 1226 2508 altera
1242 2465 1307 2508 non
1330 2444 1407 2508 satis
1428 2444 1609 2509 consistere

274 2542 495 2620 possenna.
537 2545 774 2626 Ἀμφιλαφεία
794 2541 910 2625 [immo
932 2541 1153 2625 ἀμφιλάφεια
1171 2538 1229 2607 ¹vel
1248 2539 1488 2623 ἀμφιλαφίαῙ,
1520 2541 1608 2605 diui-

272 2633 406 2698 siarum
426 2635 642 2728 affluentia,
670 2638 760 2700 bonu
780 2638 899 2719 eopia,
935 2657 963 2698 s.
994 2635 1196 2719 ἀμφιλαφής
1224 2645 1411 2721 περιουσία.
1455 2638 1605 2719 ,Ἀμφι-

275 2735 403 2809 taeter
428 2730 532 2805 illam,
566 2752 659 2812 quam
681 2743 716 2792 tu
738 2731 823 2793 soles
851 2730 980 2805 dicere,
1011 2730 1098 2817 hpno
1124 2731 1220 2793 modo
1244 2729 1412 2805 desidero,
1440 2733 1489 2792 sic
1511 2751 1608 2812 pror-

275 2844 347 2899 sus,
371 2833 407 2884 ut
428 2822 646 2886 advenientem
674 2823 830 2905 excipiam
854 2823 1010 2899 libenter,
1040 2812 1186 2885 lssentem
1210 2824 1304 2886 etiam
1327 2844 1411 2886 nunc
1433 2846 1498 2888 non
1521 2823 1611 2887 exei-

275 2926 352 2978 tem.
398 2915 520 2980 Tribus
538 2916 618 2981 loeis
644 2917 798 2993 aedifico,
821 2916 945 3001 reliqua
972 2894 1187 2980 rinconcinno:
1218 2917 1296 2980 vivo
1321 2918 1419 3000 paulo
1444 2917 1609 2982 liberalius

277 3031 371 3093 qnam
392 3009 575 3075 solebam.'’
599 3013 639 3072 ad
662 3011 706 3093 Q.
728 3010 772 3074 sr.
802 3011 849 3075 Il.
875 3013 907 3086 6,
940 3011 971 3076 l.
1018 3009 1155 3089 Quintus
1177 3032 1195 3073 a
1215 3011 1334 3076 Marco
1360 3012 1462 3076 fratre
1483 3011 1609 3096 quaesi-

276 3115 389 3181 verat,
415 3126 472 3180 an,
495 3104 523 3167 si
539 3107 673 3170 Romam
694 3104 877 3194 eSardinia
895 3104 1060 3180 rediisset,
1085 3125 1156 3167 eum
1172 3108 1254 3169 bene
1278 3117 1470 3169 nummatum
1493 3109 1612 3188 depre-

242 3226 246 3233 ’
276 3201 435 3263 hensurus
457 3211 558 3274 esset,
582 3201 732 3284 incoque
754 3200 811 3264 illo
835 3200 994 3264 vocabulo
1017 3202 1251 3282 &postponatur
1272 3221 1349 3263 risus
1364 3212 1444 3265 erat.
1488 3197 1612 3265 cicero

276 3293 377 3379 igitur
403 3296 579 3376 respondet
605 3316 640 3358 se
664 3295 750 3358 illam
778 3315 873 3376 opum
897 3293 1091 3357 affluentiam
1115 3315 1140 3359 s.
1162 3314 1363 3359 nummorum
1386 3295 1614 3359 abundantiam

278 3387 401 3452 modice
417 3388 613 3465 desiderare3
637 3389 665 3453 si
679 3390 819 3465 venerit,
844 3388 983 3452 libenter
999 3401 1209 3471 excepturum
1224 3413 1232 3465 ;
1261 3402 1459 3466 nouantem,
1487 3387 1616 3453 etiamsi

150 3540 153 3548 ,
277 3504 362 3546 nunc
390 3483 488 3547 lateat
513 3485 645 3546 necdum
676 3486 715 3547 ad
746 3504 781 3547 se
808 3483 1010 3566 pervenerit,
1044 3504 1184 3565 operose
1211 3496 1243 3549 et
1270 3484 1366 3548 anxie
1391 3484 1615 3569 quaesiturum

278 3586 311 3640 et
334 3570 545 3640 excitaturum
566 3599 646 3643 esse.
690 3579 735 3642 Et
757 3599 838 3664 quae
863 3590 1041 3661 sequuntur
1063 3577 1168 3641 statim
1186 3579 1344 3643 rationem
1365 3582 1519 3655 reddunt,
1554 3600 1614 3643 cur

277 3674 418 3735 nondum
444 3673 483 3734 ad
506 3671 577 3734 illas
602 3671 727 3736 divitias
750 3672 893 3756 potuerit
918 3673 1107 3755 pervenire,
1133 3672 1207 3756 qrtia
1224 3673 1328 3737 trihus
1345 3674 1429 3739 locis
1450 3674 1611 3751 aedificet,

279 3778 387 3831 cetera
407 3765 634 3842 reconcinuct,
667 3779 698 3829 et
717 3767 815 3851 genio
835 3767 999 3830 liberalius
1020 3766 1195 3852 indulgeat.
1241 3766 1358 3831 Similis
1384 3768 1475 3833 locus
1499 3781 1552 3833 cst
1575 3773 1619 3833 ad

281 3861 325 3940 Q.
349 3860 392 3925 ir.
416 3861 465 3924 Il.
487 3862 544 3934 15,
570 3862 608 3938 5,
625 3862 664 3925 ’3.
688 3883 782 3948 quem
812 3861 863 3924 hic
884 3861 947 3924 iam
971 3862 1046 3924 olim
1071 3884 1088 3923 a
1112 3861 1207 3925 nobIs
1230 3861 1274 3925 ita
1297 3864 1494 3926 emendatum
1521 3865 1623 3947 poni·

282 3976 373 4018 mus:
405 3956 541 4037 „Quare
569 3954 735 4019 suavitatis
764 3956 914 4038 equidem·
936 3968 1067 4020 nostrae
1092 3955 1250 4018 finiendae
1278 3977 1372 4019 causa
1399 3977 1552 4040 cuperem
1586 3971 1624 4024 te

282 4050 321 4111 ad
346 4047 379 4111 id
399 4060 522 4132 tempus
550 4049 684 4126 venire,
712 4052 802 4135 quod
823 4051 970 4113 dixeras:
1001 4052 1056 4112 sed
1082 4049 1159 4112 illud
1184 4051 1416 4125 melotamen,
1450 4056 1541 4135 qrrod
1559 4075 1628 4135 pu-

225 4202 229 4221 ,
281 4153 351 4216 tas3
380 4143 494 4206 etenim
525 4144 632 4227 magni
656 4145 787 4208 aestimo
820 4147 1056 4228 ἇμφιλαφείαν
1084 4142 1200 4225 [immo
1226 4147 1447 4228 ἀμφιλαφίαν
1469 4147 1521 4209 vel
1551 4151 1627 4234 ἀμ-

284 4236 489 4320 maldestorn]
511 4236 597 4300 illam
622 4249 706 4301 tuam
729 4250 761 4300 et
780 4237 1029 4320 explicationem
1051 4235 1232 4299 debitorum
1251 4248 1394 4305 tuorum.
1436 4240 1523 4304 Illud
1544 4244 1627 4326 qui-

285 4332 356 4397 dem
375 4330 422 4393 sic
443 4331 578 4407 habeto,
606 4332 684 4396 nihil
702 4331 797 4397 nobis
824 4331 1000 4413 expeditis,
1031 4330 1060 4394 si
1085 4331 1275 4408 valebimus,
1309 4331 1383 4397 iore
1403 4334 1627 4405 fortunatius.

286 4426 396 4490 Parva
419 4433 494 4487 sunt
515 4446 596 4509 quae
619 4429 752 4501 desunt,
789 4426 907 4489 nostris
934 4424 1060 4508 quidem
1086 4424 1247 4503 moribus,
1280 4437 1312 4489 et
1335 4449 1371 4491 ca
1395 4440 1468 4491 sunt
1494 4432 1536 4493 ad
1563 4454 1632 4497 ex-

286 4518 466 4601 plicandum
490 4519 746 4600 expeditissima,
779 4522 876 4583 modo
901 4519 1102 4582 valeamus.''
1154 4519 1321 4583 Ernestius
1337 4521 1463 4606 valiique
1488 4546 1507 4588 a
1536 4548 1629 4595 vero

286 4614 404 4677 horum
423 4613 569 4679 locorum
589 4636 684 4678 sensu
704 4634 840 4697 prorsus
866 4614 1074 4676 aberrarunt.
1114 4615 1261 4681 Scnhrz.

301 4732 307 4741 ·
369 4710 574 4790 Ἀναβολαι,
602 4709 798 4773 dilationes.
840 4708 929 4781 „Sed
951 4720 988 4770 ut
1014 4711 1053 4771 ad
1074 4707 1176 4791 prima
1199 4710 1252 4774 illa
1272 4715 1418 4787 redeam,
1450 4713 1529 4777 nihil
1556 4738 1632 4806 ego

288 4801 341 4867 illa
364 4801 597 4884 impudentius,
626 4802 777 4877 astutius,
796 4800 913 4865 lentius
929 4801 1016 4867 vidi:
1044 4805 1195 4870 libertum
1212 4805 1323 4871 mitto:
1348 4805 1426 4871 Tito
1448 4813 1632 4882 mandavi:

289 4897 428 4978 σκήψεις
450 4908 546 4983 atque
564 4894 775 4982 drapotatst
795 4897 837 4959 ad
861 4898 934 4961 Art.
956 4897 987 4960 Ι.
1011 4898 1068 4976 12,
1098 4903 1130 4964 1.
