3490 5586
498 405 644 473 INDEX
666 405 1017 472 FORMULARUM.
1355 408 1415 473 377

106 550 243 619 centuriis
258 546 398 612 centuria
413 546 638 632 praerogativa
648 569 667 610 ι·
680 544 773 633 (non,
797 558 832 610 ut
844 545 991 630 plerique
1006 544 1130 624 dierunt,
1154 546 1276 625 tribus,
1300 570 1415 632 neque,

109 661 140 711 ut
162 644 208 710 alii
231 644 361 717 volunt,
385 640 583 723 promiscue,
608 639 781 715 cumidem
803 640 1016 724 signiticaret,
1041 641 1148 705 Latini
1169 644 1366 726 usurpabant
1386 655 1419 706 et

107 742 211 808 tribum
235 750 266 800 et
288 734 460 798 centuriam
483 734 768 821 praerogativam).
813 734 950 798 Sortitio
970 733 1012 797 ita
1037 737 1305 818 componebatur,
1330 738 1417 801 utin

106 835 226 901 sitellam
263 829 496 894 coniicerrntnr
528 830 593 893 to:
612 837 717 892 sortes
749 827 796 893 sio
828 827 999 911 inscriptae
1037 830 1186 893 Aemilio
1220 832 1414 910 6667666166,

106 927 244 1001 Aemilia
263 925 439 989 seniorum
460 923 542 1003 (scil.
566 922 688 1004 primae
709 922 831 1001 classis)
854 945 890 985 ac
914 922 1059 986 similiter
1078 945 1179 1009 usquc
1194 927 1233 987 ad
1248 938 1418 1012 septuage-

104 1022 200 1087 simam
227 1019 355 1083 ultimae
381 1016 495 1080 tribus.
541 1014 658 1080 Certus
682 1017 862 1099 enimerat
887 1018 1025 1080 tribuum
1053 1019 1148 1081 ordo.
1194 1020 1305 1104 Itaque
1328 1032 1417 1084 sorte

103 1119 266 1182 ducebatur
282 1113 380 1177 semel
394 1111 535 1175 centuria
550 1112 797 1196 praerogativa,
821 1110 1019 1195 66666666,
1044 1123 1079 1174 ut
1101 1113 1187 1175 multi
1209 1115 1415 1189 contendunt,

100 1210 227 1294 primurn
251 1206 615 1291 tribuspraerogatira,
639 1217 704 1268 tum
728 1205 826 1269 altera
850 1207 1020 1269 sortitione
1043 1226 1083 1268 ex
1105 1206 1191 1269 tribu
1208 1228 1320 1271 rursus
1342 1229 1418 1270 ceu·

97 1304 184 1370 turia.
236 1305 289 1368 lta
314 1301 429 1386 igitur,
460 1312 495 1363 ut
520 1299 603 1376 dixi,
635 1299 842 1382 explicandae
871 1292 1047 1375 Aniensis,
1081 1296 1245 1377 Veturio,
1276 1301 1418 1366 Galerio

97 1400 268 1464 iuniorum
289 1396 320 1459 in
346 1393 448 1458 tribus
472 1393 535 1459 illis
560 1393 648 1458 Livii
676 1392 768 1458 locis.
814 1392 983 1478 suffragiis
1009 1396 1258 1479 praerogatiuae
1284 1394 1416 1459 diribitis

95 1514 207 1575 praeco
231 1491 408 1565 renuntiat,
434 1489 504 1572 quis
520 1488 586 1553 eius
602 1488 755 1573 suffragia
771 1488 891 1552 tulerit.
937 1493 1019 1553 Tum
1038 1490 1140 1573 prima
1156 1491 1265 1556 classis
1282 1484 1418 1557 vocatur
1457 1474 1465 1501 ‘

94 1588 171 1652 intra
195 1585 300 1652 ovile:
322 1585 366 1648 ita
385 1583 581 1667 composita,
605 1595 638 1647 ut
661 1595 709 1647 est
723 1585 807 1666 apud
830 1582 902 1651 Cic.
925 1586 963 1647 de
981 1587 1067 1668 Rep.
1090 1588 1112 1649 l.
1133 1585 1172 1662 l.,
1198 1587 1330 1649 deducta
1345 1584 1416 1649 scil.

94 1678 334 1766 praerogativa,
358 1690 521 1742 remanent
543 1678 596 1742 69.
621 1677 798 1753 centuriae,
822 1680 979 1741 adduntur
1000 1679 1052 1741 12.
1077 1680 1239 1743 centuriae
1261 1677 1415 1762 equitum,

94 1776 144 1860 qui
163 1775 257 1858 primi
283 1772 438 1856 srrli'ragia
463 1771 572 1836 tulisse
599 1772 762 1849 videntur,
799 1784 848 1847 et,
882 1793 963 1856 quae
985 1775 1025 1834 ad
1049 1773 1188 1855 speoiem
1215 1773 1414 1858 adiungitur,

93 1890 151 1933 urna
179 1870 306 1933 labrum
339 1866 567 1952 tignariorum:
585 1866 647 1929 *ita
681 1877 715 1928 ut
744 1886 853 1932 omncs
879 1865 942 1929 sint
970 1867 1024 1930 89.
1054 1867 1227 1931 centuriae.
1268 1866 1417 1932 Diribitis

95 1963 249 2050 suffragiis
265 1983 376 2025 rursus
394 1962 610 2038 renuntiatur,
636 1960 690 2045 qui
705 1959 819 2024 consul
834 1958 936 2024 dictus
952 1959 1005 2025 sit.
1051 1963 1096 2027 Ut
1118 1983 1158 2025 ex
1181 1960 1324 2044 Philipp.
1344 1962 1368 2023 l.
1391 1960 1415 2023 l.

98 2068 231 2135 constat,
256 2054 369 2119 deinde
391 2055 449 2137 (ita
470 2067 503 2118 ut
526 2053 676 2133 assolet),
700 2052 779 2118 dicis
796 2054 902 2136 potius
924 2074 1035 2130 carisa,
1059 2076 1153 2139 quam
1176 2057 1267 2139 qnod.
1280 2074 1416 2137 prorsus

100 2170 217 2214 necesse
240 2161 342 2227 esset,
365 2148 452 2213 intro
475 2158 630 2212 vocantur
652 2148 905 2232 sex.suiiragia:
930 2149 1011 2230 (rear
1028 2151 1112 2232 apud
1132 2148 1320 2215 Ciceronem
1343 2150 1419 2213 bre·

101 2240 198 2306 uitatis
223 2265 317 2308 causa
345 2243 493 2308 omissum
523 2254 588 2319 est,
622 2242 696 2306 item
721 2242 848 2305 tertium
878 2256 910 2304 et
935 2254 1083 2326 quartum
1109 2266 1141 2310 ιι.
1167 2242 1415 2324 renuntiatur).

100 2337 303 2403 Haerentem
326 2360 384 2402 sex
407 2337 578 2423 suffragia,
603 2347 637 2400 ut
657 2337 820 2421 colligitur
843 2356 882 2398 ex
905 2339 997 2414 loco,
1021 2358 1115 2420 quem
1133 2349 1325 2414 tractamus,
1350 2358 1416 2399 me·
1492 2414 1495 2421 Ι

100 2429 176 2493 diurn
203 2433 359 2516 quendam
390 2432 494 2494 locum
525 2430 711 2496 obtinebant
732 2431 815 2494 iuter
840 2429 973 2511 primam
1004 2452 1042 2493 ao
1068 2434 1236 2494 secumdam
1262 2432 1415 2511 classem,

97 2521 138 2586 ita
159 2537 191 2588 ut
212 2526 381 2609 separatim
406 2537 493 2589 certe
512 2526 593 2588 intra
616 2525 702 2590 ovile
728 2536 935 2588 uocarentur.
980 2523 1035 2588 Sic
1057 2525 1100 2600 is,
1120 2512 1180 2609 qiu
1201 2524 1418 2608 6666616166-

97 2619 199 2695 batur,
223 2621 361 2682 babebat
381 2620 435 2684 89.
458 2619 610 2705 suffragia
633 2622 679 2699 (1.
702 2619 966 2703 praerogativae,
991 2618 1044 2681 89.
1068 2619 1279 2683 centuriarum
1294 2618 1416 2702 primae

100 2712 217 2787 classis,
240 2716 273 2777 6.
296 2715 476 2799 suffragia).
521 2712 663 2779 Deerant
681 2725 783 2776 tamen
807 2724 883 2802 octo
905 2714 944 2775 ad
965 2710 1192 2775 conficiendam
1215 2712 1278 2776 vim
1301 2713 1417 2796 populi

101 2804 287 2883 universam,
322 2811 385 2872 lroc
405 2820 470 2884 cst,
506 2808 663 2871 centurias
686 2808 739 2872 97.
764 2810 918 2870 adversus
941 2806 994 2871 96.
1040 2807 1146 2890 Igitur
1166 2806 1253 2879 iutro
1281 2820 1417 2871 vocatur

103 2902 230 2963 6666666
250 2902 374 2967 elassis:
397 2903 559 2988 strffragiis
581 2902 653 2967 latis
675 2913 707 2965 et
729 2900 863 2965 diribitis
885 2901 1081 2964 renuntiatur
1099 2902 1230 2976 consul,
1255 2922 1314 2964 nec
1332 2901 1417 2964 ultra

102 3013 225 3058 necesse
244 3007 311 3059 erat
327 2997 468 3081 reliquas
489 3000 605 3061 classes
627 3018 759 3060 vocare.
802 2995 1002 3059 Dirimuntur
1022 2993 1120 3079 igitur
1143 3015 1161 3057 a
1184 2996 1333 3071 consule,
1359 2995 1418 3080 qni

100 3084 141 3150 eis
160 3090 355 3172 praefuerat,
380 3092 505 3155 comitia
527 3091 700 3155 centuriata
723 3090 918 3166 consularia,
946 3088 1128 3173 praetoria,
1154 3089 1312 3155 censoria.

175 3184 212 3248 In
234 3208 268 3249 ιι.
292 3186 412 3250 deinde
434 3186 501 3262 ito,
525 3197 564 3249 nt
584 3189 728 3265 assolet,
749 3183 927 3274 atffragio
945 3184 1190 3267 interpretandis
1204 3196 1331 3249 sectatus
1346 3205 1415 3248 anm

94 3277 311 3344 Niebubrinrn.
355 3282 436 3343 llam
461 3291 495 3344 nt
517 3281 632 3365 reliqui
650 3291 816 3363 exponunt
834 3302 875 3344 ex
897 3281 971 3345 lect.
993 3282 1125 3366 volgata
1144 3291 1176 3342 et
1196 3276 1304 3345 cote.
1328 3299 1415 3343 meo-

90 3392 156 3435 rum
184 3377 285 3438 rerba
312 3374 520 3453 obscuriora,
556 3375 733 3460 ,suffragia
760 3374 960 3451 dividuntur,
990 3375 1155 3454 feruntur,
1187 3373 1414 3449 diribeotnr,’'

91 3486 151 3530 non
175 3468 280 3532 solum
303 3489 433 3550 prorsus
456 3470 559 3533 otiosa
580 3480 653 3533 stunt
677 3489 732 3531 rr.
756 3480 794 3532 nt
819 3470 963 3542 ossolet,
987 3468 1153 3553 (quoniam
1176 3467 1210 3531 in
1237 3468 1301 3532 hoc
1325 3467 1413 3550 ipso,

94 3571 124 3621 ut
143 3560 309 3626 ferrentur
334 3562 805 3646 61616666616666666866616,
842 3572 909 3624 tota
938 3561 1133 3628 tributorum
1163 3581 1292 3644 quoqne
1316 3560 1417 3625 corni-

92 3651 200 3717 tiorum
225 3655 277 3718 uis
300 3658 517 3737 vertebatur),
549 3657 718 3719 sedetiam
744 3654 926 3717 necessario
952 3665 1076 3747 contra&
1092 3653 1197 3718 0666.
1222 3675 1332 3718 omnes
1360 3659 1415 3718 de·

96 3743 208 3812 lendum
232 3759 285 3812 est
306 3749 440 3813 alterum
463 3751 683 3824 renuntiatur
704 3760 778 3831 post
801 3768 833 3809 v.
858 3759 1012 3810 vocatur.
1055 3750 1229 3811 Praeterea
1250 3747 1282 3811 in
1305 3760 1417 3812 nostra

96 3836 349 3923 interpretatione
379 3844 473 3907 facile
500 3844 688 3929 intelligitur
716 3842 832 3904 rectius
862 3861 932 3904 esse
958 3840 1104 3904 Vaticani
1129 3841 1250 3905 deinde
1276 3842 1341 3918 ita,
1376 3855 1416 3907 ut

93 3936 226 4017 6666661,
256 3948 370 4019 utpote
398 3960 462 4021 quo
486 3939 595 4002 melius
617 3958 709 4024 quam
732 3934 866 4017 simplici
888 3935 1008 3997 deiude
1028 3935 1226 4020 significetur
1252 3947 1413 4016 receptum

93 4026 210 4110 quidem
236 4030 326 4094 illum
354 4044 385 4095 et
405 4032 580 4118 legitimum
603 4054 723 4096 morem
750 4030 848 4093 fuisse
872 4029 1006 4093 vocandi
1029 4041 1105 4112 post
1126 4029 1258 4111 primam
1281 4028 1415 4092 classem

88 4140 151 4185 aea
169 4122 369 4213 stifft-agio,
394 4129 451 4189 sed
469 4148 528 4208 per
547 4148 580 4189 se
602 4127 800 4207 temporibus
820 4134 907 4187 certe
931 4122 994 4185 illis
1014 4144 1116 4205 prope
1133 4143 1414 4204 superuacaneum.

86 4216 322 4302 Expositiones
345 4219 444 4304 longe
470 4220 613 4283 diversas
636 4219 777 4301 reperies
800 4220 883 4302 apud
907 4217 1104 4298 Interpretes
1131 4216 1161 4279 in
1191 4217 1255 4280 Ed.
1279 4218 1414 4282 Werns·

86 4312 189 4390 dori„
212 4315 434 4377 Her-mannum
450 4314 482 4376 in
497 4314 644 4396 Epistola
661 4317 699 4377 ad
715 4313 952 4377 Steioaclierum
975 4334 1010 4396 p.
1034 4313 1104 4386 15„
1129 4311 1304 4395 Reisigium
1320 4311 1413 4376 Diar.

84 4405 155 4470 erit.
180 4407 256 4471 Ien.
283 4407 363 4470 1826
386 4409 500 4490 86661.
523 4409 679 4482 38-61.,
706 4406 937 4492 Goettlinginm
960 4407 1105 4470 Hermes
1129 4405 1228 4489 1826,
1256 4406 1335 4469 Vol.
1358 4406 1412 4469 96.

82 4520 116 4581 6.
142 4501 239 4578 116.,
264 4511 296 4562 et
313 4503 405 4565 Berl.
421 4504 634 4566 Janrtueuer
656 4500 750 4567 1883.
771 4524 806 4584 p.
831 4503 924 4576 769..
948 4497 1148 4582 Madvigium
1165 4498 1309 4582 Opnscc.
1324 4503 1413 4565 acad.

82 4616 115 4676 p.
142 4595 242 4668 169.;
264 4594 451 4660 Zachariam
475 4600 572 4663 Sulla
593 4596 624 4659 9.
648 4619 683 4679 6.
703 4598 755 4660 76.
779 4595 952 4660 Hiillmann
967 4596 1067 4659 Rom.
1082 4591 1415 4684 Grundversoasnug

82 4709 116 4770 p.
140 4689 205 4752 29⁷
229 4710 323 4779 seqq.
369 4695 488 4759 schulz
514 4692 768 4777 Grundlcguug
796 4711 830 4774 6.
862 4690 954 4764 idam
988 4688 1414 4779 6666666166666666

84 4783 192 4850 Codd.
218 4787 295 4850 satis
319 4789 433 4852 mnnita
455 4801 509 4853 aut
530 4791 763 4871 transponenda
784 4798 837 4851 aut
857 4785 986 4849 delenda
1009 4803 1078 4847 6666
1100 4791 1267 4867 putarint,
1292 4782 1411 4877 inps-i·

84 4880 304 4965 61666666,
324 4885 456 4958 alterurn
472 4885 549 4960 illud
564 4885 795 4959 arcuatione.
814 4912 854 4935 -ν
874 4878 960 4952 Vide
982 4877 1189 4974 luppiter.
1212 4878 1410 4976 lingitur.
