3214 5586
619 324 772 441 runnx
792 369 975 438 ιιοιιιι.

500 517 633 579 Tunnra
655 516 697 579 de
718 512 834 579 liberis
856 488 1100 598 legationibus.
1186 486 1190 503 ⁸

219 638 330 723 „Illud
346 648 492 721 apertum
514 639 682 722 proiecto,
707 637 783 701 nihil
802 659 871 701 esse
887 636 1032 719 turpius,
1058 656 1149 721 quam
1165 634 1343 720 quempiam
1364 634 1466 723 legari

132 733 194 807 nisi
221 734 269 798 rei
303 733 451 817 publicae
474 753 579 797 rausa.
623 733 765 810 Omitto,
798 733 1058 818 quemadmodum
1088 729 1140 793 isti
1163 751 1198 795 se
1225 743 1338 815 gerant
1371 745 1467 817 atque

134 829 310 915 gesserint,
343 828 398 913 qui
418 829 578 912 legatione
604 829 795 892 hereditates
823 838 877 890 aut
897 826 1099 907 syngraphas
1118 845 1191 889 suas
1214 836 1465 910 persequuntur.

133 924 176 990 Ιιι
204 922 385 988 hominibus
415 932 463 986 est
493 925 556 987 hoc
584 922 722 986 fortasse
752 921 875 984 vitium.
921 921 985 983 Sed
1012 941 1152 1005 quaero,
1188 918 1403 1002 quisseapse
1426 919 1468 982 sit

82 1056 84 1059 ·
133 1017 279 1101 turpius,
312 1039 404 1103 quam
432 1017 500 1080 sine
524 1015 753 1098 procuratione
776 1027 906 1079 senator
929 1014 1072 1097 legatus,
1104 1013 1171 1076 siue
1198 1014 1365 1088 mandatis,
1398 1012 1467 1076 sine
1522 1082 1531 1099 ι

106 1112 200 1176 'ullo
232 1110 279 1174 rei
310 1112 455 1195 publicae
484 1110 638 1175 munere?
671 1110 768 1189 erod
791 1108 916 1193 quidem
942 1128 1042 1193 genus
1072 1104 1243 1213 legationis
1266 1128 1330 1193 ego
1351 1107 1474 1172 eonsul-
1605 1135 1606 1138 ¹

21 1272 24 1275 .
134 1209 178 1287 (a.
203 1227 237 1270 ιι.
263 1206 365 1284 690.,)
389 1228 579 1290 quamquam
601 1208 640 1269 ad
664 1206 864 1268 commodum
888 1213 1016 1265 senatus
1037 1200 1199 1284 pertinere
1223 1201 1383 1276 videatur,
1420 1213 1470 1265 ta-

134 1323 206 1367 men
234 1303 434 1385 approbante
458 1313 568 1367 senatu
598 1297 873 1385 frequentissimo,
908 1295 968 1359 nisi
996 1295 1071 1358 mihi
1094 1295 1172 1359 levis
1196 1296 1467 1378 tribunusplebis

134 1403 200 1457 trun
224 1392 472 1470 intercessisset,
496 1393 705 1457 sustulissem.
749 1391 994 1459 Minuitamen
1018 1402 1171 1472 temptas,
1204 1401 1253 1465 et,
1286 1383 1468 1474 quoderat

134 1488 289 1554 inlinitum
314 1487 580 1580 onnunmfeci.
604 1488 646 1551 ita
669 1487 833 1571 turpitudo
860 1496 981 1573 manet,
1005 1483 1210 1547 diuturnitate
1232 1482 1394 1553 sublata.''
1427 1485 1467 1547 de

134 1582 244 1667 Legg.
268 1581 335 1647 lIl.
357 1583 394 1661 8,
422 1582 474 1647 18.
520 1580 743 1648 Conl.1n1.1s
766 1581 807 1644 de
830 1579 946 1644 liberis
968 1578 1210 1663 legationibus.

704 1733 885 1796 Vnnnnrse

16 1942 19 1953 Ι
135 1856 175 1923 Ρ.
198 1854 393 1938 Poplicolae
415 1854 555 1920 consulis
577 1876 607 1919 a.
632 1876 665 1918 u.
689 1854 818 1917 8315.

221 1949 346 2023 „Latae
376 1950 489 2013 deinde
519 1951 609 2034 leges
637 1969 702 2011 non
731 1949 835 2011 solum
867 1967 947 2030 qrrae
976 1943 1069 2031 regni
1095 1944 1278 2028 suspicione
1305 1945 1467 2010 consulem

136 2042 361 2118 absolverent,
387 2045 442 2107 sed
463 2064 543 2128 quiae
562 2045 642 2105 adeo
668 2043 700 2105 in
719 2042 914 2107 contrarium
932 2052 1095 2105 verterent
1117 2052 1150 2103 ut
1169 2041 1357 2125 popularem
1374 2041 1466 2103 etiam

135 2135 296 2199 iacerent.
319 2136 392 2198 inde
415 2157 596 2220 cognomen
618 2135 736 2200 factum
759 2135 946 2201 Publicolae
969 2147 1035 2198 est.
1059 2147 1132 2198 aute
1153 2155 1263 2200 omnes
1285 2137 1323 2197 de
1346 2154 1469 2218 provo·

137 2230 261 2294 catione
277 2231 432 2293 adversus
448 2230 652 2316 magistratus
676 2232 714 2292 ad
736 2229 908 2336 populum,
933 2232 1152 2336 sarrandoque
1167 2236 1237 2292 cnm
1253 2230 1347 2293 bonis
1366 2231 1468 2311 capite

138 2325 206 2388 cius
229 2324 283 2407 qui
306 2324 398 2409 regni
421 2325 598 2408 occupandi
621 2322 752 2389 consilia
774 2322 903 2429 inisset,
928 2334 1040 2411 gratae
1061 2324 1092 2386 in
1109 2324 1226 2409 volgus
1240 2325 1330 2409 leges
1343 2324 1469 2389 iuuere

136 2420 214 2485 Lin.
236 2419 284 2484 ΙΙ.
306 2419 338 2483 8.

222 2508 360 2598 Νόμους
379 2507 727 2605 φιλανθρωποτάτους
749 2510 851 2580 ἔθετο
873 2506 906 2593 (ὁ
923 2508 1175 2625 Οὐαλέριος)
1195 2513 1400 2597 dontinus
1381 2537 1470 2601 εχον-

138 2631 199 2686 τας
219 2612 291 2686 τοῖς
312 2612 515 2694 δημοτικοῖς·
535 2611 651 2676 tuat
611 2615 688 2718 γὴν
711 2597 788 2716 ἐν
764 2633 789 2697 ῳ
809 2603 1030 2718 διαρριγὸιγν’
1010 2612 1160 2686 απεῖπεν,
1182 2604 1327 2694 ἄρχοντα
1346 2610 1472 2692 μηδένα

100 2750 102 2761 .
139 2693 224 2769 εἶναι
244 2697 467 2788 Pwpoiwvff
455 2697 493 2780 ὰς
512 2700 553 2769 ἄν
576 2700 623 2787 μὴ
648 2697 741 2787 παρὰ
765 2699 824 2765 τοῦ
846 2693 953 2783 δήμου
975 2696 1062 2819 λάβιγ
1086 2698 1145 2782 τὴν
1168 2696 1289 2787 ἀργὴν,
1315 2696 1472 2768 θάνατον

138 2797 269 2874 ἐπιθεὶς
291 2797 446 2908 {spelpes
431 2794 488 2864 ιοὶν
509 2822 560 2875 τις
578 2795 672 2885 παρὰ
697 2796 802 2861 ταῦτα
802 2795 917 2910 ποιῇ,
939 2801 995 2861 καὶ
1015 2820 1073 2862 τον
1092 2791 1332 2863 ᾰποιιτεινοιντα
1348 2788 1474 2862 τούτων

138 2888 214 2957 τινὰ
236 2892 338 2958 ποιῶν
360 2887 493 3002 ρἰθῶον·
522 2893 632 3003 ἕτερον
655 2891 748 2971 dl,'
736 2917 769 2958 ιν
789 2880 814 2983 ᾧ
836 2903 1086 3003 ryypnnrng„
1097 2886 1173 2957 Ἐοιν
1193 2914 1243 2968 τις
1265 2887 1373 2979 ἅρχων
1390 2885 1474 2956 Par-

138 2986 245 3071 μαίων
259 2981 333 3051 τινὰ
351 2980 553 3051 ἀποκτείνειν
568 2986 587 3066 ἢ
606 3007 730 3073 paors,
733 3009 791 3052 ουν
807 3013 828 3068 η
823 2982 1030 3069 ζηιιιοῦν’
999 3011 1045 3064 εις
1059 2980 1216 3094 χρήματα
1233 2988 1333 3077 θέλη,
1356 2984 1475 3064 ἐξιινοιι

139 3078 186 3168 τῷ
208 3073 321 3172 ἰδιώιη
344 3082 593 3165 προκαλεῖσθαι
616 3076 674 3159 τὴν
645 3075 805 3191 γὰργίγν
824 3082 873 3146 ἐπὶ
894 3104 954 3160 τιγν
977 3081 1036 3146 τοῦ
1057 3076 1164 3166 διγμον
1185 3080 1309 3166 κρίσιν,
1336 3075 1476 3165 πάσχειν

140 3171 211 3238 δ”
195 3196 229 3239 ιν
251 3196 296 3263 τῳ
281 3149 431 3258 μεταξὺ
442 3168 551 3264 χρόνῳ
569 3174 651 3258 ιιιγδὲ
654 3169 749 3241 νὺπό
766 3199 822 3255 τιγς
796 3171 962 3264 γᾶργῆς,
984 3172 1099 3252 ἕωςᾶν
1117 3168 1136 3238 ὁ
1156 3167 1477 3263 δῆιιοςὺπὲραύτοῠ

132 3240 365 3356 supplerunt?
409 3266 548 3348 Dionys.
570 3266 678 3332 Halic.
702 3270 813 3356 Antiq.
836 3271 935 3335 Rom.
958 3269 1005 3333 V.
1030 3271 1084 3334 19.
1108 3267 1153 3332 cf.
1176 3269 1224 3331 V.
1249 3270 1303 3330 70.

310 3408 468 3471 Vanesia
491 3408 533 3471 dc
551 3411 810 3493 provocatione.

225 3529 338 3612 „ldem
361 3531 418 3611 (Ρ.
445 3532 639 3614 Valerius),
676 3531 708 3597 in
737 3554 802 3617 quo
828 3530 890 3596 fuir
918 3529 1089 3612 Poplicola
1118 3529 1269 3607 maxims,
1306 3531 1411 3616 legem
1433 3535 1478 3597 ad

76 3670 79 3678 ι
139 3623 296 3707 populum
322 3622 395 3687 tulit
424 3645 512 3701 ιιιιιι,
547 3647 627 3710 quae
654 3625 837 3691 centuriatis
866 3625 1002 3690 comitiis
1024 3623 1126 3707 prima
1148 3624 1213 3690 lata
1235 3634 1302 3699 cst,
1337 3646 1378 3688 ne
1400 3626 1477 3710 quis

140 3719 346 3805 magistratus
361 3719 463 3784 civem
480 3722 659 3789 Romanuin
682 3724 836 3787 adversus
856 3719 1120 3803 provocationem
1143 3728 1273 3781 necant
1294 3739 1379 3783 neve
1399 3740 1477 3783 ver·

136 3813 307 3897 ‘beraretl’
342 3816 380 3877 de
404 3815 490 3897 Rep.
513 3814 563 3879 11.
586 3816 645 3893 31,
669 3816 724 3881 53.
757 3815 802 3878 ef.
825 3816 940 3879 Valer.
965 3814 1060 3877 Mans.
1085 3812 1150 3876 lV.
1174 3813 1205 3875 1.

228 3907 332 3991 „Quo
360 3918 463 3970 tamen
493 3928 511 3973 e
543 3910 686 3993 collegio
715 3908 997 3990 (decemvirorum)
1026 3908 1094 3969 lans
1124 3916 1174 3969 est
1201 3905 1254 3969 illa
1285 3905 1401 3971 eximia
1430 3906 1474 3976 C.

140 4002 232 4081 Iulii,
264 4001 317 4086 qui
346 4000 506 4067 hominem
535 4004 677 4069 nobilem
706 4006 748 4070 L.
777 4003 931 4078 Sestium,
968 4000 1056 4064 cuius
1084 3999 1114 4062 iu
1147 3999 1296 4065 cubiculo
1318 4000 1474 4066 effossum

141 4118 212 4162 csse
240 4118 274 4161 se
301 4108 469 4179 praesente
491 4112 651 4165 mortuum
673 4098 811 4174 diceret,
843 4118 913 4159 cum
938 4096 1006 4178 ipse
1027 4105 1217 4178 potestatem
1240 4116 1392 4159 summam
1414 4098 1475 4160 ba·

139 4194 249 4267 beret,
282 4193 370 4276 quod
392 4193 552 4257 decemvir
573 4194 640 4258 sine
662 4190 895 4277 provocatione
917 4201 1018 4264 esset,
1052 4190 1147 4252 vades
1174 4199 1279 4253 tamen
1301 4191 1473 4274 poposcitt

142 4287 230 4369 quod
258 4306 293 4348 se
322 4285 425 4370 legem
449 4286 533 4350 iliam
554 4289 754 4371 praeclaram
778 4286 998 4372 neglecturum
1020 4294 1172 4369 negaret,
1203 4305 1286 4368 quae
1308 4286 1475 4370 decapite
1573 4303 1576 4307 ’

143 4377 223 4443 eivis
247 4379 385 4444 Romani
406 4380 467 4444 nisi
488 4383 623 4447 comitiis
646 4381 828 4447 centuriatis
850 4378 944 4444 statui
966 4377 1126 4442 vetaret.''
1164 4380 1203 4442 de
1226 4379 1312 4463 Rep'.
1336 4379 1471 4460 ltus,

143 4472 197 4537 61.
234 4472 278 4538 es.
301 4476 382 4540 Liv.
403 4476 471 4540 Ill.
494 4476 547 4542 33.
1403 4543 1406 4548 .

230 4613 245 4643 „
256 4570 319 4635 Μ’.
337 4570 505 4635 Valerium
522 4571 709 4637 dictatorem
724 4562 840 4635 Volesi
854 4564 955 4631 lilium
970 4579 1094 4631 creant.
1113 4567 1228 4653 plebes
1243 4567 1303 4631 etsi
1317 4573 1473 4634 aduersus

74 4734 76 4741 Ι
142 4674 342 4726 recreatum
368 4664 556 4729 dictatorem
582 4666 733 4739 ridebat,
764 4673 964 4727 tamencum
990 4663 1393 4745 provocationem-fratris
1415 4664 1472 4744 (P.

146 4755 296 4837 Valerii)
317 4754 391 4842 iege
412 4759 562 4837 haberet,
586 4759 664 4825 nibil
683 4781 723 4824 ex
742 4778 778 4824 ea
793 4757 912 4824 familia
929 4755 1021 4821 triste
1039 4776 1100 4820 nec
1113 4758 1287 4841 superbum
1304 4757 1472 4823 timebat.’'

144 4849 223 4914 Lin.
245 4849 295 4917 1-1.
318 4852 372 4917 30.
417 4851 517 4921 Coos.
541 4857 730 4922 sarsurus.
