3328 5576
307 333 349 399 ⁴⁰
899 340 1050 408 tnuux

307 482 444 561 posse.''
474 481 514 544 ad
534 480 606 547 Au.
627 480 673 545 V.
695 482 753 558 15,
777 484 809 547 2.
834 516 874 526 -
927 483 1183 566 „Gravissimum
1211 483 1502 575 iniquissimumque
1521 487 1615 553 tributi

308 594 426 659 genus,
450 575 540 640 cuius
566 597 661 640 caussa
685 598 781 659 saepe
806 579 977 645 seditiones
1004 590 1094 643 ortae
1116 590 1214 642 sunt:
1243 580 1410 664 capitatio
1431 582 1616 666 sequioribus

307 669 520 751 scriptoribus
543 670 670 734 dicitur.
717 676 797 735 Nam
823 673 942 737 tributa
967 673 1038 737 sere
1068 661 1216 737 dicuntur
1246 696 1263 738 a
1288 696 1343 750 re,
1376 688 1616 763 propterquam

307 761 498 848 exiguntur3
522 764 568 828 sic
588 767 862 844 columnarium,
891 770 930 830 ad
960 770 1032 831 Att.
1056 768 1158 833 XIII.
1182 770 1219 845 8,
1244 769 1432 834 ostiarium
1453 785 1515 836 cet.
1552 774 1618 839 Vid.

306 857 438 941 Lipsius
471 862 510 923 de
535 859 677 944 Magnit.
703 862 801 925 Rom.
825 863 869 926 L.
895 862 943 949 Ii.
970 886 1000 924 c.
1026 864 1058 927 2.
1085 863 1125 926 3.
1173 861 1278 926 Huius
1301 863 1429 948 generis
1444 865 1515 933 ,fun
1534 865 1619 930 tribu·

303 964 390 1030 tum,
414 955 535 1039 dequo
562 955 687 1019 Mattb.
716 955 837 1023 XXII.
871 959 907 1018 tt
939 979 1027 1042 sqq,
1058 969 1091 1021 ut
1116 955 1305 1023 Harduinus
1335 958 1414 1023 vidit
1443 959 1542 1042 Opes.
1562 961 1619 1024 Sel.

238 1094 242 1109 .
304 1070 339 1131 p.
363 1048 440 1113 515.
486 1048 572 1112 Hinc
586 1049 680 1123 Luc.
707 1050 790 1114 XX.
814 1049 866 1115 22.
890 1049 1005 1115 dicitur
1028 1052 1149 1136 φόρος,
1173 1054 1267 1136 quod
1290 1052 1422 1116 verbum
1439 1055 1478 1117 de
1499 1054 1559 1119 boc
1575 1074 1619 1137 ge·

304 1164 382 1208 uere
397 1142 533 1220 dicitur,
559 1154 593 1207 ut
613 1150 702 1220 τέλος
721 1147 761 1207 de
774 1146 943 1227 portorio,
966 1146 1126 1229 scriptura
1141 1156 1174 1208 ct
1192 1145 1334 1211 decimis.
1380 1146 1618 1211 Permutsntura

303 1238 518 1322 scriptoribus
535 1238 635 1302 sacris
653 1238 684 1301 iu
702 1238 762 1302 ista
781 1261 818 1304 re
839 1242 997 1304 narranda
1023 1246 1157 1321 κῆνσος,
1185 1242 1359 1329 δηποῗρισν,
1384 1241 1496 1327 φόρος.
1529 1241 1619 1320 Hesy-

228 1390 232 1401 .
303 1334 413 1405 chiust
446 1335 593 1410 Κένσος,
626 1334 710 1410 εἶδος
747 1345 964 1421 νομλοππιτσς,
986 1337 1245 1416 ἐπικεφάλαιον,
1273 1356 1358 1419 quae
1385 1322 1498 1421 glossa
1526 1334 1616 1397 locutu

178 1494 192 1507 ,
302 1429 391 1493 illurn
423 1428 553 1491 Mum:
571 1429 692 1493 XXII.
722 1434 776 1493 17.
804 1430 967 1512 respicere
998 1431 1141 1507 videtur,
1176 1432 1264 1537 qqod
1286 1430 1381 1494 facile
1407 1429 1575 1493 concedent
1592 1439 1616 1492 et

281 1592 284 1599 ⁴
303 1523 397 1608 quale
418 1522 461 1586 sit
477 1521 674 1608 intelligent,
697 1523 755 1609 qui
768 1525 924 1589 rationem
944 1524 1125 1610 glossarum
1143 1524 1419 1605 Hesychianarum
1433 1533 1614 1606 perspectam

302 1618 433 1682 babent.
481 1619 744 1703 Ἐπικεφάλαιον
774 1631 876 1683 autem
905 1619 987 1683 idem
1011 1621 1100 1702 quod
1127 1619 1360 1701 ἐπικεφάλιον,
1394 1628 1429 1680 ut
1450 1619 1614 1699 κεφάλαιον

302 1725 334 1779 ct
363 1714 536 1795 κεφάλιον.
590 1713 678 1778 Iliuc
706 1714 814 1799 glossa
847 1726 918 1778 orta
947 1724 995 1777 est
1020 1711 1106 1778 Cod.
1135 1712 1291 1779 Cantabr.
1317 1712 1372 1795 qui
1395 1712 1613 1793 ἐπικεφάλαιον

243 1880 248 1887 ,
300 1808 397 1871 babet
420 1830 483 1891 pro
503 1812 622 1888 κῆνσος
643 1808 752 1874 Marc.
774 1808 859 1872 XII.
888 1809 941 1872 tt.
985 1810 1087 1888 Syrus
1113 1827 1244 1893 quoque
1268 1806 1299 1871 iu
1326 1808 1412 1872 bunc
1436 1808 1557 1869 modum
1576 1803 1612 1867 in·

301 1912 495 1986 terpretatus
514 1916 576 1969 est.
617 1905 706 1967 Eun.

370 1999 626 2086 Ἔπικούρειον,
654 1998 879 2082 Epicureum.
932 1997 1128 2071 ,Maximam
1154 1995 1304 2061 laetitiam
1330 1995 1405 2081 cepi
1430 2016 1472 2060 ex
1497 1993 1555 2058 tuis
1575 1989 1614 2055 lit·

301 2092 378 2156 teris
398 2093 437 2156 de
460 2114 519 2175 spe
541 2090 668 2157 snitume
687 2091 783 2157 dubia
804 2103 836 2154 et
861 2091 954 2174 plane
973 2091 1141 2174 explorata
1162 2089 1317 2174 triumphi
1339 2091 1408 2156 tui:
1432 2108 1533 2174 neque
1550 2106 1613 2149 vern

301 2187 344 2249 ob
370 2207 438 2249 eam
462 2206 606 2262 causam,
635 2205 701 2269 quo
722 2184 793 2267 ipsc
814 2184 939 2250 facilius
960 2206 1180 2272 consequerer
1202 2219 1245 2232 -
1267 2206 1337 2249 nam
1361 2186 1398 2249 id
1415 2183 1538 2271 quidem
1559 2190 1613 2245 ἐπι-

300 2280 452 2365 aoo'pscov
483 2292 531 2344 est
557 2312 598 2323 --
629 2282 704 2353 sed,
736 2280 936 2355 mehercule,
967 2280 1055 2363 quod
1081 2291 1135 2343 tua
1164 2279 1301 2365 dignitas
1334 2291 1432 2364 atque
1458 2273 1612 2360 amplitudo

219 2444 223 2459 Ι
301 2373 377 2439 mihi
397 2386 445 2438 est
472 2373 637 2459 ipsa'cara
655 2394 716 2457 per
732 2373 807 2438 se.'’
852 2376 892 2437 ad
915 2375 1006 2441 Fau.
1030 2375 1098 2440 ΙΙΙ.
1122 2376 1160 2451 9,
1184 2375 1217 2438 2.
1254 2366 1282 2449 ,’

382 2473 581 2550 'Eulaeum
607 2467 803 2543 adscititia,
827 2468 1005 2533 sisnrsluta.
1051 2468 1191 2543 ,Omnia
1212 2468 1266 2532 illa
1288 2468 1410 2551 prima,
1435 2486 1515 2553 quae
1535 2460 1610 2527 sdan

298 2565 362 2631 tuis
384 2564 500 2629 litteris
530 2567 561 2629 iu
583 2564 704 2628 caelum
735 2564 880 2639 ferebas,
904 2563 1056 2643 ἐπίκτητα
1085 2563 1158 2638 (alii
1179 2564 1355 2643 ἐπιτηκτα)
1379 2556 1545 2628 fuerumt.'’
1581 2553 1611 2616 etl

297 2661 371 2725 Att.
395 2658 481 2724 vlt.
506 2662 535 2735 1,
558 2662 590 2724 5.

117 2830 120 2841 ,
380 2759 572 2831 ’Eulaeum
603 2775 707 2819 naues
733 2773 822 2838 quae
847 2753 954 2819 remis
978 2765 1148 2837 aguntur.
1195 2754 1401 2838 ,Ἆφρακτα
1429 2748 1609 2818 Rhodiorum

180 2856 184 2865 “
298 2858 330 2912 et
359 2855 494 2936 despota
521 2849 793 2928 Mytilenaeorum
825 2849 982 2912 habebam
1010 2859 1043 2911 et
1075 2845 1194 2932 aliquid
1224 2847 1439 2915 ἐπικῶπων.”
1490 2846 1528 2908 ad
1553 2842 1610 2906 Ait.

298 2945 346 3008 V.
375 2945 434 3018 11,
463 2945 495 3007 1.
1589 2990 1592 2993 .

380 3042 569 3122 Ἐπιλογσι,
600 3038 838 3103 conclusiones
868 3038 1081 3109 orationum.
1132 3037 1410 3113 ,‚Conelusioues,
1444 3054 1523 3119 quse
1545 3024 1613 3109 tpt‘l

299 3133 447 3199 Graecos
471 3140 620 3216 ἐπίλογοι
646 3131 864 3207 nominantur,
902 3132 1085 3213 tripartitae
1107 3133 1222 3197 suut.’'
1267 3136 1307 3196 ad
1326 3135 1475 3198 Herenu.
1497 3127 1542 3192 ll.
1561 3121 1611 3191 3⁰2

299 3229 353 3292 tt.
375 3259 416 3272 ·-
461 3229 602 3309 „Habes
623 3227 805 3312 epilogum,
831 3248 870 3290 ue
896 3226 974 3313 quid
995 3228 1252 3309 praetermissum
1276 3239 1330 3290 aut
1357 3227 1500 3291 relictum
1524 3226 1611 3301 putes·

297 3324 344 3388 Α.
365 3324 442 3407 Ego
464 3342 566 3387 vcro:
592 3322 765 3407 etquidem
780 3321 858 3385 fecit
873 3321 966 3384 etiam
985 3321 1045 3386 iste
1060 3343 1110 3385 rue
1125 3322 1274 3407 epilogus
1290 3321 1479 3386 firmiorem.
1489 3315 1506 3343 ’'
1530 3313 1611 3376 Tuto·

380 3515 643 3596 Ἐπισημοσιαι,
668 3513 793 3594 sigua,
815 3512 940 3595 quibus
961 3511 1100 3576 σπὶσιιισ
1117 3524 1151 3575 et
1165 3515 1324 3576 voluutas
1338 3507 1463 3594 populi
1483 3504 1518 3568 in
1536 3500 1609 3563 tlat-

299 3606 384 3681 tris,
404 3628 473 3691 pro
494 3605 622 3670 rostris
646 3616 712 3669 cet.
735 3605 950 3679 declaratur,
971 3609 1136 3690 plausus,
1162 3608 1201 3669 de
1224 3606 1340 3690 quibus
1358 3603 1425 3668 vid.
1446 3585 1612 3663 Ferret-tlt

298 3701 446 3769 Acelum.
471 3700 551 3763 Vet.
574 3701 661 3763 Eun.
707 3700 847 3784 „ltaque
870 3709 902 3762 et
924 3699 1005 3763 ludis
1030 3712 1062 3764 et
1083 3700 1317 3785 gladiatoribus
1340 3697 1497 3762 mirandas
1517 3699 1611 3755 taut·

296 3807 423 3882 μασίας
444 3793 512 3859 sine
535 3793 598 3858 ulla
617 3792 790 3878 pastoricia
812 3792 919 3857 fistula
943 3794 1206 3859 auferebamus.”
1231 3796 1271 3857 ad
1292 3798 1365 3859 Ast.
1389 3792 1420 3856 Ι.
1444 3786 1497 3862 1⁶2
1521 3781 1612 3844 ΜΓ

300 3891 401 3973 ῃΤιι,
425 3890 452 3954 si
474 3887 551 3973 quid
573 3888 803 3972 πραγματικὸν
827 3889 946 3963 babes,
981 3888 1123 3953 scribes:
1156 3888 1204 3952 sin
1227 3888 1346 3963 minus,
1376 3879 1491 3969 populi
1517 3886 1612 3942 emm·

297 3996 426 4071 molas
452 3995 484 4048 et
506 3984 675 4049 mimorum
698 3982 779 4046 dicta
802 3982 1037 4065 perscribito.''
1082 3985 1120 4046 ad
1142 3986 1216 4048 Ast.
1239 3982 1339 4048 XIV.
1361 3979 1401 4056 d,
1427 3977 1459 4040 2·

24 4132 25 4141 ,
382 4083 603 4155 Ἐπίσκοπος,
629 4080 845 4162 speculator,
868 4088 999 4141 custos.
1047 4124 1062 4151 .,
1076 4078 1159 4141 Volt
1174 4077 1255 4141 cuitu
1271 4097 1321 4141 roe
1345 4068 1518 4154 Pompeius
1538 4073 1613 4124 ester

24 4178 25 4183 ’
108 4234 112 4243 ,
299 4196 393 4258 quem
414 4185 482 4239 tota
503 4174 583 4238 baec
602 4171 778 4256 Campania
803 4184 834 4236 et
861 4171 1014 4241 maritima
1039 4192 1096 4235 ora
1119 4174 1232 4236 babeat
1253 4182 1452 4242 ἐπίσκοπον,
1481 4161 1519 4224 ²1¹
1534 4164 1614 4238 ‘lm'

270 4302 274 4307 ·
301 4269 442 4334 delectus
467 4278 500 4330 et
521 4289 642 4331 summa
666 4266 788 4351 negotii
810 4266 1011 4330 reseratur.''
1054 4268 1094 4329 ad
1120 4268 1194 4331 Att.
1220 4267 1305 4331 VII.
1329 4268 1390 4342 11,
1414 4263 1448 4326 5.
1533 4342 1540 4356 ⁸

381 4366 625 4446 Ἐπισταθμιο,
658 4361 794 4425 curatio
818 4358 976 4442 hospitii,
1007 4360 1178 4424 necessitas
1203 4358 1345 4442 bospitio
1372 4347 1546 4436 resipiendi
1567 4353 1617 4444 5⁰·

196 4458 205 4465 “
301 4455 392 4521 mites
418 4455 571 4540 principis
599 4466 653 4519 aut
679 4454 795 4540 legati,
829 4453 1164 4538 Einquortierung.·
1202 4456 1340 4527 „Habes
1369 4444 1537 4532 hospitium
1559 4443 1617 4496 stre

299 4559 523 4636 duserabptsm
546 4547 811 4626 odIosam,*mibi
832 4569 897 4611 uon
920 4547 1096 4613 molestam.
1106 4549 1124 4575 ''
1167 4550 1210 4611 ad
1231 4550 1304 4612 Att.
1327 4546 1428 4613 XIII.
1452 4538 1512 4611 529
1533 4530 1564 4594 9·
1589 4552 1598 4574 ²

383 4650 460 4712 'Eat
488 4649 629 4725 σχολῆς,
662 4644 700 4706 in
732 4642 814 4708 otio.
867 4696 883 4725 „
894 4642 1032 4717 Omnia,
1068 4643 1331 4724 quemadmodum
1359 4630 1541 4726 polliceris,
1571 4622 1617 4683 Μ

244 4791 274 4802 ..
302 4744 422 4822 σχολῆς
443 4737 592 4802 seribe.''
636 4740 676 4800 ad
697 4737 769 4802 Au.
793 4737 843 4802 II.
866 4739 904 4815 5,
930 4737 963 4800 3.

26 5018 29 5055 Ι

26 5144 30 5183 t

383 4837 604 4920 Ἐπίτευγμο,
634 4832 810 4919 expetitae
839 4831 893 4896 rei
923 4829 1083 4915 adeptio,
1115 4851 1266 4917 prosper
1292 4799 1482 4898 smmum,
1536 4795 1616 4892 „Ubi
