3490 5586
496 384 561 456 ln
584 384 1054 457 estune-Ascouluut.
1129 320 1158 417 *i
1368 387 1429 457 stt

106 529 209 597 alicu
228 527 399 597 Ciceronis
421 529 540 607 codici,
573 529 701 597 diuerso
724 541 886 613 tempore,
921 544 953 595 et
974 554 991 596 a
1015 532 1146 595 diversis
1168 530 1366 611 hominibus,
1397 535 1430 609 ip

106 626 253 710 margine
274 625 433 707 adscripta
456 623 574 689 luisse:
604 625 746 708 quamvis
760 626 799 688 ‘in
824 647 863 689 eo
885 626 1077 690 assentimur
1099 625 1286 709 Madvigio,
1316 650 1349 709 p.
1371 629 1426 703 90,

106 721 270 802 potiorem
292 730 417 801 partem
436 740 529 781 unum
552 720 669 782 habere
684 732 865 794 auctorem,
889 742 987 804 aquo
1003 720 1094 782 etiam
1112 732 1293 804 argumenta
1309 722 1429 803 scripta

106 812 183 877 sint.
227 813 376 877 Eiusdem
398 813 490 895 plane
514 811 640 897 generis
661 813 801 886 scholia,
830 814 947 895 duplici
966 836 1059 876 manu
1082 808 1218 896 scripta,
1251 813 1360 879 Maius
1381 814 1429 877 in·

104 906 196 970 venit
221 907 253 968 in
276 906 420 992 margine
443 905 561 970 codicis
586 905 810 980 Ambrosiani,
845 928 887 970 ex
917 929 982 991 quo
1007 907 1158 992 reliquias
1187 907 1339 973 orationis
1368 927 1430 989 pro

105 1001 231 1064 Scauro
259 1000 374 1063 edidit:
409 1002 448 1063 de
478 999 592 1084 quibus
621 1000 685 1062 vid.
710 1002 826 1064 Madv.
851 1022 885 1082 p.
912 1002 971 1065 tlt
1000 1024 1071 1085 seq.
1115 1003 1159 1065 Et
1188 1002 1319 1086 egregie
1344 1001 1430 1064 illam

101 1106 246 1158 nostram
269 1093 481 1176 suspicionem
501 1092 718 1157 confirmatam
742 1093 879 1157 vidimus
905 1096 935 1156 in
962 1095 1019 1159 lib.
1045 1097 1074 1159 l.
1104 1108 1168 1158 act.
1191 1096 1239 1157 ll.
1262 1096 1296 1158 in
1317 1097 1430 1170 Vera,

102 1187 194 1252 euius
214 1189 287 1251 libri
306 1200 479 1251 extremam
499 1199 621 1269 partem
644 1200 785 1251 vetustas
808 1187 994 1271 intercepit:
1019 1188 1234 1252 deficientibus
1257 1187 1356 1271 igitur
1375 1208 1432 1251 eo·

100 1281 227 1345 dicihus
248 1281 434 1358 Ciceronis,
458 1282 607 1345 deliciunt
626 1282 719 1345 etiam
737 1281 878 1357 scholia,
903 1295 934 1345 et
950 1283 983 1346 in
998 1284 1121 1347 scholio
1139 1283 1249 1346 mutilo
1270 1280 1432 1345 desinunt:

99 1387 135 1440 et
164 1398 262 1461 quum
290 1374 322 1438 in
351 1398 383 1438 c.
414 1368 482 1439 59.'
501 1377 537 1439 h.
570 1397 619 1445 or.
648 1378 729 1440 iusto
752 1381 844 1441 cadat
868 1378 1025 1461 suspicio,
1057 1390 1091 1439 ut
1112 1399 1171 1441 suo
1196 1379 1270 1442 loco
1294 1375 1430 1463 dicetur,

101 1491 172 1534 non
191 1490 295 1551 panca
319 1468 485 1534 Ciceronis
511 1470 725 1547 intercidisse,
751 1471 843 1535 etiam
866 1472 987 1536 scholia
1011 1471 1120 1534 mutila
1144 1482 1233 1545 sunt;
1258 1480 1291 1532 ut
1311 1490 1352 1532 ex
1369 1488 1433 1532 uno

104 1564 238 1641 codice,
273 1563 328 1649 qui
352 1563 406 1627 illa
431 1565 552 1628 scholia
581 1565 744 1638 habuerit,
780 1567 912 1643 mutilo,
948 1587 1050 1651 neque
1081 1564 1158 1627 satis
1184 1567 1290 1639 bano,
1326 1584 1434 1627 omnes

104 1658 212 1723 nostri
235 1655 382 1731 codices,
406 1678 488 1741 quos
509 1678 592 1739 nunc
612 1657 696 1721 illius
719 1658 793 1722 libri
814 1661 982 1736 habemus,
1008 1660 1157 1742 descripti
1180 1658 1364 1721 videantur:
1388 1658 1433 1722 cl.
1521 1725 1526 1733 ,

106 1754 229 1819 Madv.
254 1773 289 1834 p.
315 1752 388 1814 102.
413 1751 444 1814 iu
467 1762 537 1817 not.
582 1751 703 1837 Arguit
723 1754 815 1817 etiarn
836 1754 915 1818 illud
936 1756 1023 1838 quod
1045 1754 1180 1817 diximus
1207 1750 1438 1816 commentandi
1528 1818 1533 1831 ,

106 1866 212 1929 genus
234 1847 436 1927 perturbatus
461 1848 543 1911 ordo
566 1847 781 1923 scholiorum,
806 1850 845 1909 dc
871 1870 937 1933 quo
966 1848 1045 1911 diait
1073 1849 1188 1912 Madv.
1213 1869 1248 1929 p.
1277 1846 1350 1923 89„
1381 1847 1435 1929 qui

102 1940 180 2005 talis
202 1950 250 2002 est
273 1938 306 2002 in
327 1942 402 2004 cod.
423 1951 536 2005 nostro
559 1953 590 2005 et
611 1940 644 2004 in
667 1953 745 2004 vett.
770 1944 839 2009 edd.
862 1942 987 2025 qualem
1010 1953 1194 2023 exspectes,
1228 1962 1332 2025 quum
1353 1960 1434 2023 quae

105 2056 173 2099 non
201 2054 263 2097 una
293 2054 386 2096 manu
407 2033 439 2096 in
470 2032 603 2097 diversis
632 2035 827 2117 marginibus
853 2036 972 2100 codicis
997 2036 1117 2118 scripta
1144 2047 1235 2109 sunt,
1271 2054 1334 2097 non
1360 2035 1437 2098 satis

107 2127 279 2211 diligenter
302 2127 450 2190 inunum
473 2127 613 2191 libellum
636 2129 859 2192 coniiciuntur.
905 2131 1060 2212 Exempla
1084 2129 1175 2193 huius
1199 2126 1262 2203 rei,
1301 2139 1377 2209 post
1398 2150 1436 2191 ea

109 2243 193 2306 quae
215 2219 421 2304 Madvigius,
444 2221 467 2286 l.
488 2244 519 2284 c.
542 2234 611 2287 not.
636 2222 674 2297 2,
698 2224 801 2299 dedit,
834 2245 926 2288 nemo
952 2224 1113 2308 requiret:
1145 2245 1237 2285 ninum
1261 2231 1364 2285 tamen
1387 2222 1434 2285 in·

108 2315 229 2400 signius
251 2316 429 2398 praeterire
457 2336 520 2379 non
545 2337 696 2398 possum,
732 2319 819 2401 quod
851 2329 898 2381 est
927 2320 966 2379 ad
993 2340 1023 2381 c.
1053 2320 1106 2381 15.
1138 2316 1197 2378 lib.
1226 2316 1295 2379 lin
1319 2318 1433 2395 Verr.,

107 2410 165 2472 nbi
187 2411 226 2473 ad
248 2411 346 2472 verba
363 2411 401 2474 0.
417 2411 583 2473 Malleolo
605 2410 735 2486 occiso,
760 2410 838 2472 haec
858 2423 1039 2474 notantur:
1053 2411 1098 2489 (in
1113 2412 1186 2472 cod.
1204 2420 1235 2471 et
1249 2413 1321 2473 edd.
1340 2412 1435 2491 vett.)

102 2502 308 2588 Suspiriose
328 2504 431 2567 verbo
452 2524 537 2567 usus
559 2514 629 2579 est,
660 2525 740 2566 uam
762 2525 830 2568 non
852 2505 982 2568 insistit
1003 2517 1041 2568 ut
1061 2504 1182 2586 probet
1203 2523 1226 2565 a
1250 2506 1358 2569 Verre
1380 2526 1437 2569 oc·

105 2597 220 2661 οἰεαηι
247 2618 339 2673 esse,
374 2596 436 2661 scd
462 2597 513 2661 ita
533 2600 604 2660 vult
627 2596 751 2674 uideri,
786 2598 868 2681 qula
892 2599 996 2665 Verri
1017 2618 1111 2661 mors
1133 2597 1206 2659 etus
1228 2599 1325 2660 lucro
1341 2596 1433 2685 fuit.

106 2694 269 2757 Alteram
301 2693 441 2754 tutelae.
484 2690 565 2755 Filii
592 2692 751 2755 Malleoli
783 2704 879 2755 tutor
902 2691 1033 2782 jactus
1066 2701 1117 2754 est
1155 2693 1294 2756 Verres.
1346 2693 1436 2772 Quae

112 2786 216 2847 rerba
246 2785 310 2848 sine
337 2784 436 2848 dubio
466 2787 506 2847 ad
533 2807 564 2847 c.
595 2785 647 2850 36.
675 2784 852 2868 pertinent,
886 2807 950 2868 quo
975 2786 1066 2849 etiam
1089 2784 1187 2847 relata
1209 2795 1283 2849 srrnt
1303 2784 1335 2848 iu
1358 2789 1434 2850 edd.
1488 2854 1495 2869 x

112 2878 357 2953 recentioribus,
383 2890 414 2940 et
435 2879 467 2941 in
489 2878 678 2942 novissima:
713 2879 779 2943 vid.
802 2901 837 2961 p.
862 2879 937 2945 159.
961 2880 1035 2943 181.
1058 2879 1146 2967 Bait.
1191 2877 1243 2940 lbi
1264 2880 1344 2942 enim
1375 2882 1438 2943 hoc

112 2974 248 3035 uerbum
266 2972 384 3041 occido
406 2972 617 3054 suspiciosum
640 2984 705 3048 est,
729 2974 878 3056 quoniam
894 2973 1046 3037 continuo
1067 2974 1181 3036 dicitur
1198 2974 1237 3035 de
1259 2974 1437 3039 commodis

108 3087 194 3150 qnae
216 3087 256 3129 ex
277 3078 380 3130 morte
402 3066 551 3130 Malleoli
573 3068 612 3129 ad
634 3067 772 3130 Verrem
790 3067 1012 3148 pervenerint:
1036 3087 1139 3153 neque
1157 3065 1315 3131 alioloco
1338 3070 1436 3131 verba

103 3163 256 3225 alteram
277 3163 404 3225 tutelae
426 3161 588 3245 leguntur.
633 3161 789 3224 Nimirum
807 3162 861 3245 qui
877 3163 955 3225 alius
970 3161 1116 3247 magistri
1129 3160 1281 3224 scholium
1299 3162 1329 3224 iu
1343 3184 1435 3227 suum

101 3254 251 3319 codicem
276 3254 450 3318 transferre
473 3255 586 3329 vellet,
620 3255 823 3319 similitudine
848 3259 1021 3320 verborum
1048 3260 1200 3337 deceptus
1226 3255 1328 3318 alieno
1360 3256 1435 3321 loco

101 3347 244 3411 addidit:
268 3347 341 3411 hinc
364 3350 456 3412 etiam
481 3347 512 3410 in
538 3346 736 3412 scholiorum
760 3350 845 3414 libro
868 3349 1107 3414 San-Gallensi
1129 3348 1232 3411 alieno
1258 3349 1332 3413 loco
1355 3350 1435 3433 legi·

100 3451 172 3505 tur.
194 3475 239 3487 -
261 3442 315 3505 Ex
342 3444 452 3505 codice
476 3440 644 3507 Ciceronis
668 3442 776 3526 aliquo
800 3443 904 3507 omnia
927 3445 1086 3525 descripta
1109 3462 1178 3507 esse
1201 3441 1294 3507 etiam
1317 3463 1357 3507 eo
1380 3464 1437 3526 sp·

101 3546 216 3617 paret,
253 3536 341 3622 quod
362 3537 400 3598 de
429 3537 537 3598 eadem
565 3556 617 3611 re,
648 3537 782 3599 diversis
813 3538 914 3611 locis,
946 3538 1070 3619 saepius
1097 3536 1177 3599 idem
1207 3546 1369 3610 mouetur,
1404 3547 1438 3599 ut

105 3628 193 3690 solet
214 3628 285 3692 lieri
307 3629 337 3692 in
361 3628 422 3692 illis
445 3628 563 3694 notulis
585 3651 602 3692 a
625 3630 805 3712 legentibus
828 3629 1011 3712 adscriptis.
1056 3630 1109 3692 Sic
1132 3630 1170 3690 de
1195 3629 1329 3706 Minoe',
1354 3632 1437 3709 apud

108 3720 286 3805 Virgilium
303 3724 484 3807 quaesitore
507 3724 610 3799 dicto,
635 3723 749 3786 dicitur
770 3746 803 3806 p.
830 3726 924 3796 tro„
948 3727 988 3786 ad
1009 3734 1072 3786 act.
1097 3722 1127 3787 1.
1150 3722 1182 3785 in
1205 3723 1326 3798 Vere..
1351 3733 1382 3784 et
1404 3722 1436 3789 in

110 3833 187 3897 arg.
215 3816 270 3882 lib.
301 3818 331 3880 l.
362 3829 426 3881 act.
457 3818 504 3882 11.
533 3840 567 3901 p.
598 3818 671 3883 155.
717 3818 753 3880 In
782 3812 946 3897 hoc‘ipso
973 3828 1161 3901 argumento
1191 3816 1295 3879 multis
1329 3816 1436 3881 verbis

109 3921 277 3987 monetur,
301 3912 423 3996 reliqua
446 3933 509 3977 nou
531 3912 614 3975 dicta
636 3912 691 3975 sed
711 3912 870 3994 scriptae
893 3909 1074 3976 Cicerone:
1098 3896 1178 3973 idem
1196 3931 1306 3973 rursus
1321 3910 1435 3973 dicitur

107 4005 152 4071 ad
181 4004 281 4091 prima
312 4005 468 4070 orationis
491 4007 609 4081 verba,
644 4026 678 4087 p.
708 4006 783 4079 155.
811 4008 903 4067 etad
925 4027 956 4068 c.
979 4005 1011 4068 8.
1034 4026 1069 4086 p.
1093 4005 1168 4066 102.
1212 4004 1262 4068 De
1283 4003 1432 4084 amplius

104 4099 347 4183 pronuntiando
369 4100 464 4163 adh.
489 4120 540 4164 or.
563 4099 612 4161 bis
634 4096 766 4175 dicitur,
789 4120 823 4180 p.
848 4099 922 4160 tot.
945 4110 977 4160 et
1000 4098 1073 4160 180.
1117 4100 1170 4161 Ad
1192 4120 1222 4159 c.
1247 4101 1277 4158 1.
1302 4097 1379 4161 Dis.
1395 4119 1431 4178 p.

103 4195 184 4257 100.
207 4205 371 4268 monetur,
406 4195 570 4257 aduobus
601 4193 822 4276 quaestoribus
844 4192 981 4256 Siciliam
1009 4190 1095 4275 regi,
1130 4190 1362 4271 Lilybaetano,
1400 4204 1433 4277 et

100 4288 330 4369 syracusano:
352 4287 433 4352 idem
456 4284 596 4351 recurrit
617 4308 651 4368 p.
676 4285 749 4349 187.
772 4287 811 4351 ad
833 4284 891 4349 lib.
915 4286 945 4349 Ι.
969 4297 1033 4348 act.
1056 4284 1101 4349 IL
1124 4297 1156 4348 et
1179 4297 1289 4367 postea
1312 4288 1350 4348 ad
1372 4287 1429 4350 lib.

99 4380 156 4446 11.
180 4402 216 4463 p.
238 4382 338 4445 totu
373 4382 459 4445 dices
492 4380 568 4444 satis
600 4380 809 4454 inculcatum:
840 4383 896 4444 sed
924 4381 963 4442 ad
989 4380 1119 4442 eundem
1144 4377 1260 4442 librum
1289 4402 1323 4462 p.
1354 4381 1429 4445 208.

98 4473 244 4539 dieitrtr:
279 4475 528 4562 Lilybaetauus
548 4473 624 4538 scil.
646 4486 827 4558 quaestor,
857 4493 927 4537 noa
948 4476 1206 4559 Syracusanus.
1249 4474 1344 4539 Nam
1365 4474 1430 4537 lios

21 4590 23 4595 ·
98 4568 206 4633 otum
228 4581 432 4655 quaestores
459 4589 595 4633 annum
622 4568 740 4632 habuit
766 4567 897 4633 Sicilia.
943 4564 1041 4631 Conl.
1065 4566 1181 4629 Madv.
1203 4586 1237 4648 p.
1263 4567 1336 4629 tta.
1359 4578 1428 4631 not.

22 4716 24 4721 s
100 4663 139 4727 1.
161 4693 206 4708 -
224 4661 440 4727 Diversarum
463 4661 557 4727 etiarn
578 4662 738 4726 hominnm
760 4660 887 4743 saepius
910 4679 1064 4745 agnoscas
1086 4679 1230 4722 manum:
1255 4671 1289 4722 ut
1307 4681 1341 4742 p.
1357 4661 1430 4739 110.

23 4794 25 4833 ,
102 4754 164 4819 ubi
193 4755 310 4821 dicitur
339 4759 378 4820 de
403 4756 572 4821 iuvenibus
601 4755 762 4819 nobilibus
789 4754 821 4818 in
848 4755 1026 4818 accusando
1052 4755 1093 4815 ab
1114 4754 1292 4818 Hortensio
1321 4752 1428 4827 elusis,

24 4882 26 4891 ⁴
105 4861 262 4915 monetur
290 4850 463 4937 significari
492 4849 585 4937 etiam
614 4847 801 4927 Caesarem,
838 4849 927 4931 quod
960 4846 1098 4911 fortasse
1126 4866 1168 4911 ex
1199 4846 1268 4911 veri
1297 4844 1430 4909 Asconii

186 4947 313 4997 ems.
348 4949 402 4996 alc.
421 4949 467 4995 tn.
1260 4940 1293 4988 se
