<?xml version="1.0" encoding="UTF-8"?>
<!DOCTYPE html PUBLIC "-//W3C//DTD XHTML 1.0 Transitional//EN"
    "http://www.w3.org/TR/xhtml1/DTD/xhtml1-transitional.dtd">
<html xmlns="http://www.w3.org/1999/xhtml" xml:lang="en" lang="en">
 <head>
  <title>
</title>
<meta http-equiv="Content-Type" content="text/html;charset=utf-8" />
  <meta name='ocr-system' content='tesseract 3.04.00' />
  <meta name='ocr-capabilities' content='ocr_page ocr_carea ocr_par ocr_line ocrx_word'/>
</head>
<body>
  <div class='ocr_page' id='page_1' title='image "./mtulliiciceroni01fabrgoog_0164.png"; bbox 0 0 3220 5572; ppageno 0'>
   <div class='ocr_carea' id='block_1_1' title="bbox 376 330 1304 431">
    <p class='ocr_par' dir='ltr' id='par_1_1' title="bbox 376 330 1304 431">
     <span class='ocr_line' id='line_1_1' title="bbox 376 330 1304 431; baseline 0.002 -3"><span class='ocrx_word' id='word_1_1' title='bbox 376 372 379 377; x_wconf 94' lang='lat'>·</span> <span class='ocrx_word' id='word_1_2' title='bbox 464 362 614 431; x_wconf 80' lang='lat' dir='ltr'><strong>rnosx</strong></span> <span class='ocrx_word' id='word_1_3' title='bbox 634 361 816 430; x_wconf 78' lang='lat' dir='ltr'><strong>neuun.</strong></span> <span class='ocrx_word' id='word_1_4' title='bbox 971 330 975 343; x_wconf 55' lang='lat'><strong>⁴</strong></span> <span class='ocrx_word' id='word_1_5' title='bbox 1243 366 1304 431; x_wconf 77' lang='lat' dir='ltr'><strong>ius</strong></span> 
     </span>
    </p>
   </div>
   <div class='ocr_carea' id='block_1_2' title="bbox 49 501 1344 871">
    <p class='ocr_par' dir='ltr' id='par_1_2' title="bbox 49 501 1344 871">
     <span class='ocr_line' id='line_1_2' title="bbox 49 501 1344 591; baseline 0 -21"><span class='ocrx_word' id='word_1_6' title='bbox 49 502 178 591; x_wconf 82' lang='lat' dir='ltr'><strong>adequites</strong></span> <span class='ocrx_word' id='word_1_7' title='bbox 193 501 443 569; x_wconf 67' lang='lat' dir='ltr'><strong>transferrentur.</strong></span> <span class='ocrx_word' id='word_1_8' title='bbox 486 503 532 567; x_wconf 88' lang='lat' dir='ltr'><strong>Hi</strong></span> <span class='ocrx_word' id='word_1_9' title='bbox 553 503 597 569; x_wconf 87' lang='lat' dir='ltr'><strong>ita</strong></span> <span class='ocrx_word' id='word_1_10' title='bbox 620 524 734 570; x_wconf 83' lang='lat' dir='ltr'><strong>severe</strong></span> <span class='ocrx_word' id='word_1_11' title='bbox 757 504 956 580; x_wconf 88' lang='lat' dir='ltr'><strong>iudicabant,</strong></span> <span class='ocrx_word' id='word_1_12' title='bbox 985 515 1021 571; x_wconf 89' lang='lat' dir='ltr'><strong>nt</strong></span> <span class='ocrx_word' id='word_1_13' title='bbox 1043 505 1114 590; x_wconf 87' lang='lat' dir='ltr'><strong>ipso</strong></span> <span class='ocrx_word' id='word_1_14' title='bbox 1140 505 1306 573; x_wconf 77' lang='lat' dir='ltr'><strong>Gicdrone</strong></span> <span class='ocrx_word' id='word_1_15' title='bbox 1338 540 1344 561; x_wconf 70' lang='grc' dir='ltr'>ι</span> 
     </span>
     <span class='ocr_line' id='line_1_3' title="bbox 51 598 1301 684; baseline 0.005 -25"><span class='ocrx_word' id='word_1_16' title='bbox 51 598 339 662; x_wconf 64' lang='lat' dir='ltr'><strong>inreverens.</strong></span> <span class='ocrx_word' id='word_1_17' title='bbox 366 598 397 661; x_wconf 93' lang='lat' dir='ltr'><strong>I.</strong></span> <span class='ocrx_word' id='word_1_18' title='bbox 422 618 452 662; x_wconf 90' lang='lat' dir='ltr'><strong>e.</strong></span> <span class='ocrx_word' id='word_1_19' title='bbox 472 599 525 661; x_wconf 83' lang='lat' dir='ltr'><strong>ts.</strong></span> <span class='ocrx_word' id='word_1_20' title='bbox 548 620 704 681; x_wconf 88' lang='lat' dir='ltr'><strong>nunquam</strong></span> <span class='ocrx_word' id='word_1_21' title='bbox 728 620 824 682; x_wconf 81' lang='lat' dir='ltr'>eques</span> <span class='ocrx_word' id='word_1_22' title='bbox 845 600 874 663; x_wconf 89' lang='lat' dir='ltr'><strong>in</strong></span> <span class='ocrx_word' id='word_1_23' title='bbox 899 598 1046 666; x_wconf 88' lang='lat' dir='ltr'><strong>iudicium</strong></span> <span class='ocrx_word' id='word_1_24' title='bbox 1070 613 1124 665; x_wconf 87' lang='lat' dir='ltr'><strong>ant</strong></span> <span class='ocrx_word' id='word_1_25' title='bbox 1145 601 1301 684; x_wconf 79' lang='lat' dir='ltr'><strong>suspicio-</strong></span> 
     </span>
     <span class='ocr_line' id='line_1_4' title="bbox 51 691 1332 775; baseline 0.001 -20"><span class='ocrx_word' id='word_1_26' title='bbox 51 692 367 774; x_wconf 69' lang='lat' dir='ltr'><strong>nemque-pecuniae</strong></span> <span class='ocrx_word' id='word_1_27' title='bbox 393 703 528 775; x_wconf 87' lang='lat' dir='ltr'><strong>propter</strong></span> <span class='ocrx_word' id='word_1_28' title='bbox 553 713 620 756; x_wconf 91' lang='lat' dir='ltr'><strong>rem</strong></span> <span class='ocrx_word' id='word_1_29' title='bbox 640 691 836 756; x_wconf 80' lang='lat' dir='ltr'><strong>iudicandam</strong></span> <span class='ocrx_word' id='word_1_30' title='bbox 865 706 997 757; x_wconf 87' lang='lat' dir='ltr'><strong>vocatus</strong></span> <span class='ocrx_word' id='word_1_31' title='bbox 1020 693 1072 757; x_wconf 90' lang='lat' dir='ltr'><strong>sit.</strong></span> <span class='ocrx_word' id='word_1_32' title='bbox 1118 693 1181 758; x_wconf 90' lang='lat' dir='ltr'><strong>Sed</strong></span> <span class='ocrx_word' id='word_1_33' title='bbox 1210 705 1300 758; x_wconf 85' lang='lat' dir='ltr'><strong>erant</strong></span> <span class='ocrx_word' id='word_1_34' title='bbox 1326 738 1332 743; x_wconf 88' lang='lat'>-</span> 
     </span>
     <span class='ocr_line' id='line_1_5' title="bbox 50 783 1298 871; baseline 0.002 -25"><span class='ocrx_word' id='word_1_35' title='bbox 50 799 116 847; x_wconf 80' lang='lat' dir='ltr'><strong>naen</strong></span> <span class='ocrx_word' id='word_1_36' title='bbox 127 783 271 866; x_wconf 88' lang='lat' dir='ltr'><strong>iniquiores</strong></span> <span class='ocrx_word' id='word_1_37' title='bbox 291 785 431 859; x_wconf 88' lang='lat' dir='ltr'><strong>senatui,</strong></span> <span class='ocrx_word' id='word_1_38' title='bbox 456 797 488 847; x_wconf 90' lang='lat' dir='ltr'><strong>et</strong></span> <span class='ocrx_word' id='word_1_39' title='bbox 508 804 582 849; x_wconf 88' lang='lat' dir='ltr'><strong>reos</strong></span> <span class='ocrx_word' id='word_1_40' title='bbox 606 796 772 850; x_wconf 75' lang='lat' dir='ltr'>senatores</span> <span class='ocrx_word' id='word_1_41' title='bbox 789 786 878 850; x_wconf 87' lang='lat' dir='ltr'><strong>nimis</strong></span> <span class='ocrx_word' id='word_1_42' title='bbox 902 788 1013 871; x_wconf 87' lang='lat' dir='ltr'><strong>cupide</strong></span> <span class='ocrx_word' id='word_1_43' title='bbox 1031 788 1298 863; x_wconf 77' lang='lat' dir='ltr'><strong>condemnabant,</strong></span> 
     </span>
    </p>
   </div>
   <div class='ocr_carea' id='block_1_3' title="bbox 49 877 1419 964">
    <p class='ocr_par' dir='ltr' id='par_1_3' title="bbox 49 877 1419 964">
     <span class='ocr_line' id='line_1_6' title="bbox 49 877 1419 964; baseline 0.003 -24"><span class='ocrx_word' id='word_1_44' title='bbox 49 877 177 959; x_wconf 80' lang='lat' dir='ltr'><strong>inprimis,</strong></span> <span class='ocrx_word' id='word_1_45' title='bbox 203 879 342 963; x_wconf 88' lang='lat' dir='ltr'><strong>siquem</strong></span> <span class='ocrx_word' id='word_1_46' title='bbox 368 880 535 942; x_wconf 81' lang='lat' dir='ltr'><strong>constabat</strong></span> <span class='ocrx_word' id='word_1_47' title='bbox 565 880 670 943; x_wconf 89' lang='lat' dir='ltr'><strong>autin</strong></span> <span class='ocrx_word' id='word_1_48' title='bbox 696 891 805 943; x_wconf 86' lang='lat' dir='ltr'><strong>senatu</strong></span> <span class='ocrx_word' id='word_1_49' title='bbox 828 892 880 943; x_wconf 89' lang='lat' dir='ltr'><strong>aut</strong></span> <span class='ocrx_word' id='word_1_50' title='bbox 901 880 933 944; x_wconf 92' lang='lat' dir='ltr'><strong>in</strong></span> <span class='ocrx_word' id='word_1_51' title='bbox 956 880 1141 964; x_wconf 85' lang='lat' dir='ltr'><strong>magistratu</strong></span> <span class='ocrx_word' id='word_1_52' title='bbox 1166 880 1300 964; x_wconf 86' lang='lat' dir='ltr'><strong>previu-</strong></span> <span class='ocrx_word' id='word_1_53' title='bbox 1413 944 1419 953; x_wconf 79' lang='grc'><strong>,</strong></span> 
     </span>
    </p>
   </div>
   <div class='ocr_carea' id='block_1_4' title="bbox 43 969 1301 1151">
    <p class='ocr_par' dir='ltr' id='par_1_4' title="bbox 43 969 1301 1151">
     <span class='ocr_line' id='line_1_7' title="bbox 46 969 1300 1059; baseline 0.004 -28"><span class='ocrx_word' id='word_1_54' title='bbox 46 971 91 1031; x_wconf 85' lang='lat' dir='ltr'><strong>riali</strong></span> <span class='ocrx_word' id='word_1_55' title='bbox 106 970 248 1052; x_wconf 74' lang='lat' dir='ltr'><strong>publicanis</strong></span> <span class='ocrx_word' id='word_1_56' title='bbox 271 969 506 1054; x_wconf 82' lang='lat' dir='ltr'><strong>impudentibus</strong></span> <span class='ocrx_word' id='word_1_57' title='bbox 530 993 592 1037; x_wconf 90' lang='lat' dir='ltr'><strong>nou</strong></span> <span class='ocrx_word' id='word_1_58' title='bbox 613 972 688 1036; x_wconf 87' lang='lat' dir='ltr'><strong>satis</strong></span> <span class='ocrx_word' id='word_1_59' title='bbox 714 972 893 1037; x_wconf 71' lang='lat' dir='ltr'><strong>indulsisse.</strong></span> <span class='ocrx_word' id='word_1_60' title='bbox 946 973 1057 1059; x_wconf 86' lang='lat' dir='ltr'><strong>Itaque</strong></span> <span class='ocrx_word' id='word_1_61' title='bbox 1083 995 1153 1036; x_wconf 86' lang='lat' dir='ltr'><strong>curn</strong></span> <span class='ocrx_word' id='word_1_62' title='bbox 1179 973 1300 1036; x_wconf 74' lang='lat' dir='ltr'><strong>transtra</strong></span> 
     </span>
     <span class='ocr_line' id='line_1_8' title="bbox 43 1062 1301 1151; baseline 0.003 -26"><span class='ocrx_word' id='word_1_63' title='bbox 43 1062 90 1146; x_wconf 80' lang='lat' dir='ltr'><strong>lege</strong></span> <span class='ocrx_word' id='word_1_64' title='bbox 103 1064 180 1127; x_wconf 78' lang='lat' dir='ltr'><strong>linio</strong></span> <span class='ocrx_word' id='word_1_65' title='bbox 200 1076 229 1126; x_wconf 86' lang='lat' dir='ltr'><strong>et</strong></span> <span class='ocrx_word' id='word_1_66' title='bbox 247 1065 387 1130; x_wconf 71' lang='lat' dir='ltr'><strong>Ploruio</strong></span> <span class='ocrx_word' id='word_1_67' title='bbox 413 1066 512 1129; x_wconf 88' lang='lat' dir='ltr'><strong>latum</strong></span> <span class='ocrx_word' id='word_1_68' title='bbox 535 1078 634 1143; x_wconf 87' lang='lat' dir='ltr'><strong>esset,</strong></span> <span class='ocrx_word' id='word_1_69' title='bbox 670 1078 705 1130; x_wconf 89' lang='lat' dir='ltr'><strong>ut</strong></span> <span class='ocrx_word' id='word_1_70' title='bbox 726 1065 885 1151; x_wconf 89' lang='lat' dir='ltr'><strong>equitibus</strong></span> <span class='ocrx_word' id='word_1_71' title='bbox 907 1079 939 1130; x_wconf 88' lang='lat' dir='ltr'><strong>et</strong></span> <span class='ocrx_word' id='word_1_72' title='bbox 965 1067 1167 1131; x_wconf 85' lang='lat' dir='ltr'><strong>senatoribus</strong></span> <span class='ocrx_word' id='word_1_73' title='bbox 1197 1079 1301 1131; x_wconf 87' lang='lat' dir='ltr'><strong>essent</strong></span> 
     </span>
    </p>
   </div>
   <div class='ocr_carea' id='block_1_5' title="bbox 40 1156 1438 1233">
    <p class='ocr_par' dir='ltr' id='par_1_5' title="bbox 40 1156 1438 1233">
     <span class='ocr_line' id='line_1_9' title="bbox 40 1156 1438 1233; baseline 0.004 -13"><span class='ocrx_word' id='word_1_74' title='bbox 40 1156 313 1233; x_wconf 67' lang='lat' dir='ltr'><strong>emanationis,</strong></span> <span class='ocrx_word' id='word_1_75' title='bbox 345 1161 390 1223; x_wconf 90' lang='lat' dir='ltr'><strong>L.</strong></span> <span class='ocrx_word' id='word_1_76' title='bbox 419 1160 506 1223; x_wconf 86' lang='lat' dir='ltr'><strong>Sulla</strong></span> <span class='ocrx_word' id='word_1_77' title='bbox 531 1162 654 1223; x_wconf 88' lang='lat' dir='ltr'><strong>tandem</strong></span> <span class='ocrx_word' id='word_1_78' title='bbox 680 1160 818 1224; x_wconf 88' lang='lat' dir='ltr'><strong>restituit</strong></span> <span class='ocrx_word' id='word_1_79' title='bbox 842 1161 1041 1224; x_wconf 87' lang='lat' dir='ltr'><strong>senatoribus</strong></span> <span class='ocrx_word' id='word_1_80' title='bbox 1063 1161 1192 1225; x_wconf 85' lang='lat' dir='ltr'><strong>iudicia.</strong></span> <span class='ocrx_word' id='word_1_81' title='bbox 1238 1162 1302 1225; x_wconf 90' lang='lat' dir='ltr'><strong>Sed</strong></span> <span class='ocrx_word' id='word_1_82' title='bbox 1434 1192 1438 1205; x_wconf 90' lang='lat'>·</span> 
     </span>
    </p>
   </div>
   <div class='ocr_carea' id='block_1_6' title="bbox 36 1249 1301 1434">
    <p class='ocr_par' dir='ltr' id='par_1_6' title="bbox 36 1249 1301 1434">
     <span class='ocr_line' id='line_1_10' title="bbox 38 1249 1301 1340; baseline 0.005 -29"><span class='ocrx_word' id='word_1_83' title='bbox 38 1270 64 1311; x_wconf 87' lang='lat' dir='ltr'><strong>re</strong></span> <span class='ocrx_word' id='word_1_84' title='bbox 81 1260 129 1313; x_wconf 84' lang='lat' dir='ltr'><strong>tun</strong></span> <span class='ocrx_word' id='word_1_85' title='bbox 147 1249 275 1334; x_wconf 89' lang='lat' dir='ltr'><strong>quidem,</strong></span> <span class='ocrx_word' id='word_1_86' title='bbox 308 1262 345 1315; x_wconf 92' lang='lat' dir='ltr'><strong>ut</strong></span> <span class='ocrx_word' id='word_1_87' title='bbox 366 1273 384 1316; x_wconf 89' lang='lat' dir='ltr'><strong>e</strong></span> <span class='ocrx_word' id='word_1_88' title='bbox 409 1250 568 1316; x_wconf 81' lang='lat' dir='ltr'><strong>Cicerone</strong></span> <span class='ocrx_word' id='word_1_89' title='bbox 592 1251 625 1315; x_wconf 92' lang='lat' dir='ltr'><strong>in</strong></span> <span class='ocrx_word' id='word_1_90' title='bbox 652 1252 824 1339; x_wconf 82' lang='lat' dir='ltr'><strong>primisque</strong></span> <span class='ocrx_word' id='word_1_91' title='bbox 845 1253 995 1318; x_wconf 84' lang='lat' dir='ltr'><strong>Verrinis</strong></span> <span class='ocrx_word' id='word_1_92' title='bbox 1021 1255 1157 1340; x_wconf 83' lang='lat' dir='ltr'><strong>intelligi</strong></span> <span class='ocrx_word' id='word_1_93' title='bbox 1183 1266 1301 1337; x_wconf 88' lang='lat' dir='ltr'><strong>potest,</strong></span> 
     </span>
     <span class='ocr_line' id='line_1_11' title="bbox 36 1345 1297 1434; baseline 0.008 -30"><span class='ocrx_word' id='word_1_94' title='bbox 36 1355 97 1406; x_wconf 87' lang='lat' dir='ltr'><strong>reete</strong></span> <span class='ocrx_word' id='word_1_95' title='bbox 114 1345 284 1410; x_wconf 84' lang='lat' dir='ltr'><strong>indicabant.</strong></span> <span class='ocrx_word' id='word_1_96' title='bbox 329 1347 459 1432; x_wconf 88' lang='lat' dir='ltr'><strong>Itaque,</strong></span> <span class='ocrx_word' id='word_1_97' title='bbox 490 1368 560 1409; x_wconf 82' lang='lat' dir='ltr'><strong>cram</strong></span> <span class='ocrx_word' id='word_1_98' title='bbox 590 1345 643 1413; x_wconf 86' lang='lat' dir='ltr'><strong>diu</strong></span> <span class='ocrx_word' id='word_1_99' title='bbox 675 1348 766 1429; x_wconf 86' lang='lat' dir='ltr'><strong>plebs</strong></span> <span class='ocrx_word' id='word_1_100' title='bbox 793 1351 831 1411; x_wconf 89' lang='lat' dir='ltr'><strong>de</strong></span> <span class='ocrx_word' id='word_1_101' title='bbox 852 1346 974 1410; x_wconf 89' lang='lat' dir='ltr'><strong>iudiciis</strong></span> <span class='ocrx_word' id='word_1_102' title='bbox 997 1360 1080 1411; x_wconf 88' lang='lat' dir='ltr'><strong>esset</strong></span> <span class='ocrx_word' id='word_1_103' title='bbox 1106 1362 1297 1434; x_wconf 85' lang='lat' dir='ltr'><strong>conquesta,</strong></span> 
     </span>
    </p>
   </div>
   <div class='ocr_carea' id='block_1_7' title="bbox 35 1439 1411 1524">
    <p class='ocr_par' dir='ltr' id='par_1_7' title="bbox 35 1439 1411 1524">
     <span class='ocr_line' id='line_1_12' title="bbox 35 1439 1411 1524; baseline 0.008 -27"><span class='ocrx_word' id='word_1_104' title='bbox 35 1446 57 1497; x_wconf 87' lang='lat' dir='ltr'><strong>rt</strong></span> <span class='ocrx_word' id='word_1_105' title='bbox 78 1440 213 1501; x_wconf 78' lang='lat' dir='ltr'><strong>verendum</strong></span> <span class='ocrx_word' id='word_1_106' title='bbox 239 1450 343 1515; x_wconf 87' lang='lat' dir='ltr'><strong>esset,</strong></span> <span class='ocrx_word' id='word_1_107' title='bbox 378 1462 416 1503; x_wconf 87' lang='lat' dir='ltr'><strong>ne</strong></span> <span class='ocrx_word' id='word_1_108' title='bbox 438 1439 609 1504; x_wconf 87' lang='lat' dir='ltr'><strong>seditiosus</strong></span> <span class='ocrx_word' id='word_1_109' title='bbox 633 1441 777 1504; x_wconf 90' lang='lat' dir='ltr'><strong>tribunus</strong></span> <span class='ocrx_word' id='word_1_110' title='bbox 807 1442 918 1524; x_wconf 83' lang='lat' dir='ltr'><strong>aliquis</strong></span> <span class='ocrx_word' id='word_1_111' title='bbox 943 1441 1015 1505; x_wconf 90' lang='lat' dir='ltr'><strong>inde</strong></span> <span class='ocrx_word' id='word_1_112' title='bbox 1036 1444 1198 1509; x_wconf 87' lang='lat' dir='ltr'><strong>seditionis</strong></span> <span class='ocrx_word' id='word_1_113' title='bbox 1229 1466 1299 1507; x_wconf 81' lang='lat' dir='ltr'><strong>nro·</strong></span> <span class='ocrx_word' id='word_1_114' title='bbox 1408 1486 1411 1491; x_wconf 78' lang='lat'><strong>,</strong></span> 
     </span>
    </p>
   </div>
   <div class='ocr_carea' id='block_1_8' title="bbox 31 1530 1303 2179">
    <p class='ocr_par' dir='ltr' id='par_1_8' title="bbox 31 1530 1303 2179">
     <span class='ocr_line' id='line_1_13' title="bbox 34 1530 1300 1622; baseline 0.009 -33"><span class='ocrx_word' id='word_1_115' title='bbox 34 1530 119 1592; x_wconf 73' lang='lat' dir='ltr'><strong>serbe</strong></span> <span class='ocrx_word' id='word_1_116' title='bbox 136 1531 322 1597; x_wconf 89' lang='lat' dir='ltr'><strong>occasionem</strong></span> <span class='ocrx_word' id='word_1_117' title='bbox 348 1533 522 1616; x_wconf 80' lang='lat' dir='ltr'><strong>arriperet,</strong></span> <span class='ocrx_word' id='word_1_118' title='bbox 554 1534 657 1620; x_wconf 84' lang='lat' dir='ltr'><strong>legem</strong></span> <span class='ocrx_word' id='word_1_119' title='bbox 682 1534 901 1599; x_wconf 78' lang='lat' dir='ltr'><strong>iudiciariam</strong></span> <span class='ocrx_word' id='word_1_120' title='bbox 921 1533 992 1598; x_wconf 87' lang='lat' dir='ltr'><strong>tulit</strong></span> <span class='ocrx_word' id='word_1_121' title='bbox 1018 1538 1137 1614; x_wconf 78' lang='lat' dir='ltr'><strong>Cotto,</strong></span> <span class='ocrx_word' id='word_1_122' title='bbox 1168 1550 1300 1622; x_wconf 86' lang='lat' dir='ltr'><strong>praetor</strong></span> 
     </span>
     <span class='ocr_line' id='line_1_14' title="bbox 32 1619 1303 1710; baseline 0.009 -26"><span class='ocrx_word' id='word_1_123' title='bbox 32 1619 146 1703; x_wconf 78' lang='lat' dir='ltr'><strong>Pompeio</strong></span> <span class='ocrx_word' id='word_1_124' title='bbox 168 1637 196 1688; x_wconf 88' lang='lat' dir='ltr'><strong>et</strong></span> <span class='ocrx_word' id='word_1_125' title='bbox 218 1624 341 1699; x_wconf 86' lang='lat' dir='ltr'><strong>Crasso</strong></span> <span class='ocrx_word' id='word_1_126' title='bbox 366 1628 414 1691; x_wconf 91' lang='lat'><strong>11.</strong></span> <span class='ocrx_word' id='word_1_127' title='bbox 438 1647 544 1703; x_wconf 71' lang='lat' dir='ltr'><strong>coss,</strong></span> <span class='ocrx_word' id='word_1_128' title='bbox 574 1626 606 1690; x_wconf 89' lang='lat' dir='ltr'><strong>io</strong></span> <span class='ocrx_word' id='word_1_129' title='bbox 630 1649 692 1710; x_wconf 88' lang='lat' dir='ltr'><strong>qua</strong></span> <span class='ocrx_word' id='word_1_130' title='bbox 715 1630 777 1691; x_wconf 91' lang='lat' dir='ltr'><strong>boc</strong></span> <span class='ocrx_word' id='word_1_131' title='bbox 800 1639 1048 1710; x_wconf 85' lang='lat' dir='ltr'><strong>temperamento</strong></span> <span class='ocrx_word' id='word_1_132' title='bbox 1075 1652 1150 1693; x_wconf 87' lang='lat' dir='ltr'><strong>usus</strong></span> <span class='ocrx_word' id='word_1_133' title='bbox 1171 1643 1235 1706; x_wconf 89' lang='lat' dir='ltr'><strong>est,</strong></span> <span class='ocrx_word' id='word_1_134' title='bbox 1267 1642 1303 1695; x_wconf 86' lang='lat' dir='ltr'><strong>ut</strong></span> 
     </span>
     <span class='ocr_line' id='line_1_15' title="bbox 32 1716 1300 1806; baseline 0.008 -30"><span class='ocrx_word' id='word_1_135' title='bbox 32 1716 138 1780; x_wconf 77' lang='lat' dir='ltr'><strong>mribus</strong></span> <span class='ocrx_word' id='word_1_136' title='bbox 157 1720 313 1784; x_wconf 85' lang='lat' dir='ltr'><strong>ordinibus</strong></span> <span class='ocrx_word' id='word_1_137' title='bbox 335 1720 549 1798; x_wconf 81' lang='lat' dir='ltr'><strong>satisfaceret,</strong></span> <span class='ocrx_word' id='word_1_138' title='bbox 574 1725 659 1805; x_wconf 92' lang='lat' dir='ltr'><strong>quod</strong></span> <span class='ocrx_word' id='word_1_139' title='bbox 677 1723 754 1785; x_wconf 91' lang='lat' dir='ltr'><strong>nulli</strong></span> <span class='ocrx_word' id='word_1_140' title='bbox 776 1721 933 1786; x_wconf 90' lang='lat' dir='ltr'><strong>iudicandi</strong></span> <span class='ocrx_word' id='word_1_141' title='bbox 948 1734 1088 1805; x_wconf 87' lang='lat' dir='ltr'><strong>potestas</strong></span> <span class='ocrx_word' id='word_1_142' title='bbox 1108 1723 1300 1806; x_wconf 87' lang='lat' dir='ltr'><strong>eriperetur.</strong></span> 
     </span>
     <span class='ocr_line' id='line_1_16' title="bbox 32 1806 1301 1901; baseline 0.009 -32"><span class='ocrx_word' id='word_1_143' title='bbox 32 1806 111 1893; x_wconf 79' lang='lat' dir='ltr'><strong>ltaque</strong></span> <span class='ocrx_word' id='word_1_144' title='bbox 130 1832 163 1874; x_wconf 85' lang='lat' dir='ltr'><strong>ex</strong></span> <span class='ocrx_word' id='word_1_145' title='bbox 185 1813 234 1877; x_wconf 81' lang='lat' dir='ltr'><strong>illa</strong></span> <span class='ocrx_word' id='word_1_146' title='bbox 258 1815 335 1900; x_wconf 83' lang='lat' dir='ltr'><strong>lege</strong></span> <span class='ocrx_word' id='word_1_147' title='bbox 359 1813 538 1878; x_wconf 87' lang='lat' dir='ltr'><strong>iudicarunt</strong></span> <span class='ocrx_word' id='word_1_148' title='bbox 562 1827 754 1892; x_wconf 81' lang='lat' dir='ltr'><strong>senatores,</strong></span> <span class='ocrx_word' id='word_1_149' title='bbox 788 1815 916 1901; x_wconf 77' lang='lat' dir='ltr'><strong>equites</strong></span> <span class='ocrx_word' id='word_1_150' title='bbox 942 1827 975 1879; x_wconf 88' lang='lat' dir='ltr'><strong>et</strong></span> <span class='ocrx_word' id='word_1_151' title='bbox 1002 1837 1019 1878; x_wconf 90' lang='lat' dir='ltr'><strong>e</strong></span> <span class='ocrx_word' id='word_1_152' title='bbox 1048 1816 1142 1898; x_wconf 89' lang='lat' dir='ltr'><strong>plebe</strong></span> <span class='ocrx_word' id='word_1_153' title='bbox 1170 1817 1301 1880; x_wconf 82' lang='lat' dir='ltr'><strong>tribuni</strong></span> 
     </span>
     <span class='ocr_line' id='line_1_17' title="bbox 31 1903 1300 1993; baseline 0.006 -29"><span class='ocrx_word' id='word_1_154' title='bbox 31 1903 131 1967; x_wconf 72' lang='lat' dir='ltr'><strong>eunt.</strong></span> <span class='ocrx_word' id='word_1_155' title='bbox 167 1909 244 1971; x_wconf 87' lang='lat' dir='ltr'><strong>Nam</strong></span> <span class='ocrx_word' id='word_1_156' title='bbox 265 1910 357 1993; x_wconf 91' lang='lat' dir='ltr'><strong>quod</strong></span> <span class='ocrx_word' id='word_1_157' title='bbox 379 1908 520 1973; x_wconf 88' lang='lat' dir='ltr'><strong>Velleius</strong></span> <span class='ocrx_word' id='word_1_158' title='bbox 543 1909 591 1972; x_wconf 91' lang='lat' dir='ltr'><strong>Il.</strong></span> <span class='ocrx_word' id='word_1_159' title='bbox 612 1907 665 1974; x_wconf 75' lang='lat'><strong>82.</strong></span> <span class='ocrx_word' id='word_1_160' title='bbox 687 1911 811 1973; x_wconf 91' lang='lat' dir='ltr'><strong>duobus</strong></span> <span class='ocrx_word' id='word_1_161' title='bbox 837 1908 1001 1974; x_wconf 84' lang='lat' dir='ltr'><strong>ordinibus</strong></span> <span class='ocrx_word' id='word_1_162' title='bbox 1023 1908 1136 1974; x_wconf 85' lang='lat' dir='ltr'><strong>iudicia</strong></span> <span class='ocrx_word' id='word_1_163' title='bbox 1159 1932 1177 1973; x_wconf 88' lang='lat' dir='ltr'><strong>a</strong></span> <span class='ocrx_word' id='word_1_164' title='bbox 1201 1908 1300 1974; x_wconf 85' lang='lat' dir='ltr'><strong>Cotta</strong></span> 
     </span>
     <span class='ocr_line' id='line_1_18' title="bbox 34 1993 1299 2086; baseline 0.008 -31"><span class='ocrx_word' id='word_1_165' title='bbox 34 1993 80 2056; x_wconf 69' lang='lat' dir='ltr'><strong>lab</strong></span> <span class='ocrx_word' id='word_1_166' title='bbox 95 1996 234 2079; x_wconf 82' lang='lat' dir='ltr'><strong>dicontur,</strong></span> <span class='ocrx_word' id='word_1_167' title='bbox 264 2002 298 2065; x_wconf 88' lang='lat' dir='ltr'><strong>id</strong></span> <span class='ocrx_word' id='word_1_168' title='bbox 321 2001 377 2078; x_wconf 84' lang='lat' dir='ltr'><strong>fit,</strong></span> <span class='ocrx_word' id='word_1_169' title='bbox 408 2003 481 2086; x_wconf 88' lang='lat' dir='ltr'><strong>quia</strong></span> <span class='ocrx_word' id='word_1_170' title='bbox 503 2003 704 2067; x_wconf 87' lang='lat' dir='ltr'><strong>tribunorum</strong></span> <span class='ocrx_word' id='word_1_171' title='bbox 727 2004 809 2068; x_wconf 90' lang='lat' dir='ltr'><strong>ordo</strong></span> <span class='ocrx_word' id='word_1_172' title='bbox 831 2024 894 2067; x_wconf 87' lang='lat' dir='ltr'><strong>non</strong></span> <span class='ocrx_word' id='word_1_173' title='bbox 918 2014 1121 2082; x_wconf 87' lang='lat' dir='ltr'><strong>numeratur,</strong></span> <span class='ocrx_word' id='word_1_174' title='bbox 1151 2015 1185 2067; x_wconf 87' lang='lat' dir='ltr'><strong>ut</strong></span> <span class='ocrx_word' id='word_1_175' title='bbox 1210 2015 1299 2068; x_wconf 86' lang='lat' dir='ltr'><strong>sexta</strong></span> 
     </span>
     <span class='ocr_line' id='line_1_19' title="bbox 38 2086 1301 2179; baseline 0.006 -29"><span class='ocrx_word' id='word_1_176' title='bbox 38 2086 110 2152; x_wconf 77' lang='lat' dir='ltr'><strong>elusis</strong></span> <span class='ocrx_word' id='word_1_177' title='bbox 125 2113 223 2159; x_wconf 78' lang='lat' dir='ltr'><strong>cenem</strong></span> <span class='ocrx_word' id='word_1_178' title='bbox 238 2095 394 2161; x_wconf 86' lang='lat' dir='ltr'><strong>Tulliani.</strong></span> <span class='ocrx_word' id='word_1_179' title='bbox 410 2096 491 2161; x_wconf 90' lang='lat' dir='ltr'><strong>Vid.</strong></span> <span class='ocrx_word' id='word_1_180' title='bbox 512 2095 704 2179; x_wconf 87' lang='lat' dir='ltr'><strong>interpretes</strong></span> <span class='ocrx_word' id='word_1_181' title='bbox 716 2099 754 2159; x_wconf 87' lang='lat' dir='ltr'><strong>ad</strong></span> <span class='ocrx_word' id='word_1_182' title='bbox 768 2098 792 2160; x_wconf 95' lang='lat' dir='ltr'><strong>l.</strong></span> <span class='ocrx_word' id='word_1_183' title='bbox 810 2117 840 2162; x_wconf 90' lang='lat' dir='ltr'><strong>c.</strong></span> <span class='ocrx_word' id='word_1_184' title='bbox 884 2098 976 2161; x_wconf 88' lang='lat' dir='ltr'><strong>Unde</strong></span> <span class='ocrx_word' id='word_1_185' title='bbox 991 2110 1021 2161; x_wconf 90' lang='lat' dir='ltr'><strong>et</strong></span> <span class='ocrx_word' id='word_1_186' title='bbox 1035 2097 1192 2162; x_wconf 87' lang='lat' dir='ltr'><strong>interdum</strong></span> <span class='ocrx_word' id='word_1_187' title='bbox 1206 2116 1301 2160; x_wconf 88' lang='lat' dir='ltr'><strong>sena·</strong></span> 
     </span>
    </p>
   </div>
   <div class='ocr_carea' id='block_1_9' title="bbox 37 2186 1402 2274">
    <p class='ocr_par' dir='ltr' id='par_1_9' title="bbox 37 2186 1402 2274">
     <span class='ocr_line' id='line_1_20' title="bbox 37 2186 1402 2274; baseline 0.005 -30"><span class='ocrx_word' id='word_1_188' title='bbox 37 2186 209 2251; x_wconf 73' lang='lat' dir='ltr'><strong>triennum</strong></span> <span class='ocrx_word' id='word_1_189' title='bbox 240 2201 273 2254; x_wconf 90' lang='lat' dir='ltr'><strong>et</strong></span> <span class='ocrx_word' id='word_1_190' title='bbox 311 2188 438 2274; x_wconf 88' lang='lat' dir='ltr'><strong>equites</strong></span> <span class='ocrx_word' id='word_1_191' title='bbox 463 2200 696 2266; x_wconf 87' lang='lat' dir='ltr'><strong>memorantur,</strong></span> <span class='ocrx_word' id='word_1_192' title='bbox 731 2202 765 2253; x_wconf 89' lang='lat' dir='ltr'><strong>ut</strong></span> <span class='ocrx_word' id='word_1_193' title='bbox 796 2212 859 2273; x_wconf 90' lang='lat' dir='ltr'><strong>pro</strong></span> <span class='ocrx_word' id='word_1_194' title='bbox 889 2192 1028 2257; x_wconf 89' lang='lat' dir='ltr'><strong>Fonteio</strong></span> <span class='ocrx_word' id='word_1_195' title='bbox 1054 2214 1087 2257; x_wconf 87' lang='lat' dir='ltr'><strong>e.</strong></span> <span class='ocrx_word' id='word_1_196' title='bbox 1117 2194 1168 2256; x_wconf 77' lang='lat' dir='ltr'><strong>tt.</strong></span> <span class='ocrx_word' id='word_1_197' title='bbox 1211 2192 1297 2256; x_wconf 83' lang='lat' dir='ltr'><strong>Ean.</strong></span> <span class='ocrx_word' id='word_1_198' title='bbox 1399 2201 1402 2207; x_wconf 84' lang='lat'>&#39;</span> 
     </span>
    </p>
   </div>
   <div class='ocr_carea' id='block_1_10' title="bbox 32 2268 1312 3022">
    <p class='ocr_par' dir='ltr' id='par_1_10' title="bbox 32 2268 1312 3022">
     <span class='ocr_line' id='line_1_21' title="bbox 38 2268 1299 2369; baseline 0.003 -28"><span class='ocrx_word' id='word_1_199' title='bbox 38 2268 184 2346; x_wconf 62' lang='lat' dir='ltr'><strong>uminis</strong></span> <span class='ocrx_word' id='word_1_200' title='bbox 209 2282 361 2361; x_wconf 85' lang='lat' dir='ltr'><strong>aerariis,</strong></span> <span class='ocrx_word' id='word_1_201' title='bbox 384 2305 522 2369; x_wconf 89' lang='lat' dir='ltr'><strong>qnorum</strong></span> <span class='ocrx_word' id='word_1_202' title='bbox 551 2285 711 2349; x_wconf 82' lang='lat' dir='ltr'><strong>Asconius</strong></span> <span class='ocrx_word' id='word_1_203' title='bbox 741 2287 772 2350; x_wconf 92' lang='lat' dir='ltr'><strong>in</strong></span> <span class='ocrx_word' id='word_1_204' title='bbox 795 2285 961 2351; x_wconf 88' lang='lat' dir='ltr'><strong>Ciceronis</strong></span> <span class='ocrx_word' id='word_1_205' title='bbox 987 2308 1038 2350; x_wconf 92' lang='lat' dir='ltr'><strong>or.</strong></span> <span class='ocrx_word' id='word_1_206' title='bbox 1067 2287 1097 2350; x_wconf 89' lang='lat'><strong>1.</strong></span> <span class='ocrx_word' id='word_1_207' title='bbox 1125 2304 1186 2369; x_wconf 90' lang='lat' dir='ltr'><strong>pro</strong></span> <span class='ocrx_word' id='word_1_208' title='bbox 1214 2283 1299 2348; x_wconf 89' lang='lat' dir='ltr'><strong>Cor·</strong></span> 
     </span>
     <span class='ocr_line' id='line_1_22' title="bbox 36 2365 1298 2453; baseline 0.002 -17"><span class='ocrx_word' id='word_1_209' title='bbox 36 2365 170 2438; x_wconf 69' lang='lat' dir='ltr'><strong>utras.</strong></span> <span class='ocrx_word' id='word_1_210' title='bbox 191 2378 306 2443; x_wconf 89' lang='lat' dir='ltr'><strong>Pison.</strong></span> <span class='ocrx_word' id='word_1_211' title='bbox 331 2399 363 2442; x_wconf 88' lang='lat' dir='ltr'><strong>c.</strong></span> <span class='ocrx_word' id='word_1_212' title='bbox 389 2380 442 2444; x_wconf 85' lang='grc'><strong>39.</strong></span> <span class='ocrx_word' id='word_1_213' title='bbox 474 2378 506 2441; x_wconf 92' lang='lat' dir='ltr'><strong>in</strong></span> <span class='ocrx_word' id='word_1_214' title='bbox 528 2379 626 2444; x_wconf 84' lang='lat' dir='ltr'><strong>divin.</strong></span> <span class='ocrx_word' id='word_1_215' title='bbox 653 2378 772 2446; x_wconf 88' lang='lat' dir='ltr'><strong>Caecil.</strong></span> <span class='ocrx_word' id='word_1_216' title='bbox 793 2402 823 2444; x_wconf 87' lang='lat' dir='ltr'><strong>c.</strong></span> <span class='ocrx_word' id='word_1_217' title='bbox 852 2380 884 2445; x_wconf 91' lang='grc'><strong>3.</strong></span> <span class='ocrx_word' id='word_1_218' title='bbox 909 2379 1097 2444; x_wconf 82' lang='lat' dir='ltr'><strong>mentionem</strong></span> <span class='ocrx_word' id='word_1_219' title='bbox 1123 2377 1216 2453; x_wconf 87' lang='lat' dir='ltr'><strong>lecit,</strong></span> <span class='ocrx_word' id='word_1_220' title='bbox 1250 2387 1298 2439; x_wconf 85' lang='lat' dir='ltr'><strong>ta·</strong></span> 
     </span>
     <span class='ocr_line' id='line_1_23' title="bbox 34 2464 1296 2556; baseline 0.001 -28"><span class='ocrx_word' id='word_1_221' title='bbox 34 2473 82 2523; x_wconf 84' lang='lat' dir='ltr'><strong>rent</strong></span> <span class='ocrx_word' id='word_1_222' title='bbox 96 2464 159 2534; x_wconf 79' lang='lat' dir='ltr'><strong>vett.</strong></span> <span class='ocrx_word' id='word_1_223' title='bbox 177 2473 308 2536; x_wconf 84' lang='lat' dir='ltr'><strong>Patere.</strong></span> <span class='ocrx_word' id='word_1_224' title='bbox 330 2473 379 2538; x_wconf 88' lang='grc' dir='ltr'><strong>ΙΙ.</strong></span> <span class='ocrx_word' id='word_1_225' title='bbox 401 2473 453 2537; x_wconf 74' lang='grc'><strong>32.</strong></span> <span class='ocrx_word' id='word_1_226' title='bbox 471 2471 542 2539; x_wconf 84' lang='lat' dir='ltr'><strong>Cic.</strong></span> <span class='ocrx_word' id='word_1_227' title='bbox 566 2494 628 2556; x_wconf 90' lang='lat' dir='ltr'><strong>pro</strong></span> <span class='ocrx_word' id='word_1_228' title='bbox 645 2471 773 2539; x_wconf 90' lang='lat' dir='ltr'><strong>Cluent.</strong></span> <span class='ocrx_word' id='word_1_229' title='bbox 794 2476 846 2537; x_wconf 79' lang='lat' dir='ltr'><strong>tt.</strong></span> <span class='ocrx_word' id='word_1_230' title='bbox 867 2484 897 2536; x_wconf 90' lang='lat' dir='ltr'><strong>et</strong></span> <span class='ocrx_word' id='word_1_231' title='bbox 918 2473 1030 2549; x_wconf 72' lang='lat' dir='ltr'><strong>schot,</strong></span> <span class='ocrx_word' id='word_1_232' title='bbox 1052 2475 1091 2535; x_wconf 94' lang='lat' dir='ltr'><strong>ad</strong></span> <span class='ocrx_word' id='word_1_233' title='bbox 1111 2472 1213 2534; x_wconf 86' lang='lat' dir='ltr'><strong>Verr.</strong></span> <span class='ocrx_word' id='word_1_234' title='bbox 1234 2479 1296 2531; x_wconf 88' lang='lat' dir='ltr'><strong>act.</strong></span> 
     </span>
     <span class='ocr_line' id='line_1_24' title="bbox 33 2547 1297 2652; baseline -0.004 -25"><span class='ocrx_word' id='word_1_235' title='bbox 33 2547 228 2638; x_wconf 67' lang='lat' dir='ltr'><strong>i.‹·.1„„0„</strong></span> <span class='ocrx_word' id='word_1_236' title='bbox 254 2567 345 2650; x_wconf 92' lang='lat' dir='ltr'><strong>quod</strong></span> <span class='ocrx_word' id='word_1_237' title='bbox 371 2566 508 2643; x_wconf 89' lang='lat' dir='ltr'><strong>tribuni,</strong></span> <span class='ocrx_word' id='word_1_238' title='bbox 537 2587 619 2652; x_wconf 89' lang='lat' dir='ltr'><strong>quae</strong></span> <span class='ocrx_word' id='word_1_239' title='bbox 644 2568 724 2631; x_wconf 83' lang='lat' dir='ltr'><strong>Ant.</strong></span> <span class='ocrx_word' id='word_1_240' title='bbox 751 2564 925 2652; x_wconf 84' lang='lat' dir='ltr'><strong>Augustini</strong></span> <span class='ocrx_word' id='word_1_241' title='bbox 947 2569 998 2644; x_wconf 90' lang='lat' dir='ltr'><strong>(de</strong></span> <span class='ocrx_word' id='word_1_242' title='bbox 1022 2566 1086 2652; x_wconf 83' lang='lat' dir='ltr'><strong>leg.</strong></span> <span class='ocrx_word' id='word_1_243' title='bbox 1112 2574 1144 2627; x_wconf 91' lang='lat' dir='ltr'><strong>et</strong></span> <span class='ocrx_word' id='word_1_244' title='bbox 1169 2572 1297 2626; x_wconf 85' lang='lat' dir='ltr'><strong>senatus</strong></span> 
     </span>
     <span class='ocr_line' id='line_1_25' title="bbox 32 2656 1298 2745; baseline -0.002 -24"><span class='ocrx_word' id='word_1_245' title='bbox 32 2658 91 2707; x_wconf 56' lang='lat'><strong>³⁰⁰&amp;</strong></span> <span class='ocrx_word' id='word_1_246' title='bbox 108 2673 135 2718; x_wconf 71' lang='lat' dir='ltr'><strong>r.</strong></span> <span class='ocrx_word' id='word_1_247' title='bbox 157 2658 314 2741; x_wconf 84' lang='lat' dir='ltr'><strong>Aurelia)</strong></span> <span class='ocrx_word' id='word_1_248' title='bbox 337 2661 490 2725; x_wconf 86' lang='lat' dir='ltr'><strong>sententia</strong></span> <span class='ocrx_word' id='word_1_249' title='bbox 515 2672 582 2738; x_wconf 88' lang='lat' dir='ltr'><strong>est,</strong></span> <span class='ocrx_word' id='word_1_250' title='bbox 614 2663 654 2724; x_wconf 89' lang='lat' dir='ltr'><strong>ad</strong></span> <span class='ocrx_word' id='word_1_251' title='bbox 678 2659 799 2745; x_wconf 87' lang='lat' dir='ltr'><strong>equites</strong></span> <span class='ocrx_word' id='word_1_252' title='bbox 827 2659 1051 2742; x_wconf 86' lang='lat' dir='ltr'><strong>pertinuerint,</strong></span> <span class='ocrx_word' id='word_1_253' title='bbox 1084 2678 1186 2741; x_wconf 88' lang='lat' dir='ltr'><strong>neque</strong></span> <span class='ocrx_word' id='word_1_254' title='bbox 1210 2656 1298 2741; x_wconf 86' lang='lat' dir='ltr'><strong>quod</strong></span> 
     </span>
     <span class='ocr_line' id='line_1_26' title="bbox 32 2735 1312 2837; baseline 0.002 -29"><span class='ocrx_word' id='word_1_255' title='bbox 32 2735 266 2819; x_wconf 64' lang='lat' dir='ltr'><strong>rensuum-do</strong></span> <span class='ocrx_word' id='word_1_256' title='bbox 282 2765 466 2818; x_wconf 89' lang='lat' dir='ltr'><strong>numeratus</strong></span> <span class='ocrx_word' id='word_1_257' title='bbox 484 2754 620 2831; x_wconf 88' lang='lat' dir='ltr'><strong>nonsit,</strong></span> <span class='ocrx_word' id='word_1_258' title='bbox 639 2766 674 2818; x_wconf 92' lang='lat' dir='ltr'><strong>ut</strong></span> <span class='ocrx_word' id='word_1_259' title='bbox 685 2753 852 2819; x_wconf 85' lang='lat' dir='ltr'><strong>Ernestius</strong></span> <span class='ocrx_word' id='word_1_260' title='bbox 867 2753 994 2831; x_wconf 88' lang='lat' dir='ltr'><strong>statuit,</strong></span> <span class='ocrx_word' id='word_1_261' title='bbox 1012 2755 1068 2817; x_wconf 89' lang='lat' dir='ltr'><strong>sed</strong></span> <span class='ocrx_word' id='word_1_262' title='bbox 1082 2753 1170 2837; x_wconf 91' lang='lat' dir='ltr'><strong>quod</strong></span> <span class='ocrx_word' id='word_1_263' title='bbox 1185 2771 1225 2813; x_wconf 81' lang='lat' dir='ltr'><strong>ex</strong></span> <span class='ocrx_word' id='word_1_264' title='bbox 1245 2747 1312 2823; x_wconf 58' lang='lat' dir='ltr'><strong>re,x</strong></span> 
     </span>
     <span class='ocr_line' id='line_1_27' title="bbox 35 2842 1298 2935; baseline 0.001 -32"><span class='ocrx_word' id='word_1_265' title='bbox 35 2846 85 2935; x_wconf 57' lang='grc' dir='ltr'><strong>βξ</strong></span> <span class='ocrx_word' id='word_1_266' title='bbox 98 2842 218 2919; x_wconf 88' lang='lat' dir='ltr'><strong>potiores</strong></span> <span class='ocrx_word' id='word_1_267' title='bbox 238 2858 352 2928; x_wconf 88' lang='lat' dir='ltr'><strong>partes</strong></span> <span class='ocrx_word' id='word_1_268' title='bbox 374 2847 532 2926; x_wconf 87' lang='lat' dir='ltr'><strong>continet,</strong></span> <span class='ocrx_word' id='word_1_269' title='bbox 556 2859 624 2913; x_wconf 86' lang='lat' dir='ltr'><strong>tota</strong></span> <span class='ocrx_word' id='word_1_270' title='bbox 644 2870 696 2912; x_wconf 89' lang='lat' dir='ltr'><strong>res</strong></span> <span class='ocrx_word' id='word_1_271' title='bbox 719 2849 874 2931; x_wconf 81' lang='lat' dir='ltr'><strong>appellata</strong></span> <span class='ocrx_word' id='word_1_272' title='bbox 893 2860 957 2926; x_wconf 87' lang='lat' dir='ltr'><strong>est,</strong></span> <span class='ocrx_word' id='word_1_273' title='bbox 982 2868 1047 2932; x_wconf 90' lang='lat' dir='ltr'><strong>quo</strong></span> <span class='ocrx_word' id='word_1_274' title='bbox 1066 2848 1162 2912; x_wconf 85' lang='lat' dir='ltr'><strong>modo</strong></span> <span class='ocrx_word' id='word_1_275' title='bbox 1185 2843 1298 2906; x_wconf 88' lang='lat' dir='ltr'><strong>Ruhn-</strong></span> 
     </span>
     <span class='ocr_line' id='line_1_28' title="bbox 35 2916 1244 3022; baseline 0.007 -30"><span class='ocrx_word' id='word_1_276' title='bbox 35 2916 102 2992; x_wconf 70' lang='lat' dir='ltr'><strong>bau</strong></span> <span class='ocrx_word' id='word_1_277' title='bbox 118 2954 173 2998; x_wconf 86' lang='lat' dir='ltr'><strong>rem</strong></span> <span class='ocrx_word' id='word_1_278' title='bbox 194 2939 337 3022; x_wconf 79' lang='lat' dir='ltr'><strong>explicat</strong></span> <span class='ocrx_word' id='word_1_279' title='bbox 359 2944 400 3005; x_wconf 89' lang='lat' dir='ltr'><strong>ad</strong></span> <span class='ocrx_word' id='word_1_280' title='bbox 419 2942 539 3006; x_wconf 87' lang='lat' dir='ltr'><strong>Vellei.</strong></span> <span class='ocrx_word' id='word_1_281' title='bbox 562 2943 586 3006; x_wconf 91' lang='lat' dir='ltr'><strong>l.</strong></span> <span class='ocrx_word' id='word_1_282' title='bbox 609 2943 633 3005; x_wconf 91' lang='lat' dir='ltr'><strong>l.</strong></span> <span class='ocrx_word' id='word_1_283' title='bbox 657 2942 812 3007; x_wconf 80' lang='lat' dir='ltr'><strong>Kneuza.</strong></span> <span class='ocrx_word' id='word_1_284' title='bbox 855 2941 958 3009; x_wconf 76' lang='lat' dir='ltr'><strong>Cous.</strong></span> <span class='ocrx_word' id='word_1_285' title='bbox 982 2941 1074 3006; x_wconf 82' lang='lat' dir='ltr'><strong>etiarn</strong></span> <span class='ocrx_word' id='word_1_286' title='bbox 1098 2936 1244 3007; x_wconf 81' lang='lat' dir='ltr'><strong>Cocrra.</strong></span> 
     </span>
    </p>
   </div>
   <div class='ocr_carea' id='block_1_11' title="bbox 433 3126 845 3212">
    <p class='ocr_par' dir='ltr' id='par_1_11' title="bbox 433 3126 845 3212">
     <span class='ocr_line' id='line_1_29' title="bbox 433 3126 845 3212; baseline 0 -22"><span class='ocrx_word' id='word_1_287' title='bbox 433 3128 589 3191; x_wconf 68' lang='lat' dir='ltr'><strong>Arasmi</strong></span> <span class='ocrx_word' id='word_1_288' title='bbox 612 3126 668 3212; x_wconf 85' lang='lat' dir='ltr'><strong>[de</strong></span> <span class='ocrx_word' id='word_1_289' title='bbox 688 3126 845 3212; x_wconf 84' lang='lat' dir='ltr'><strong>ambitu].</strong></span> 
     </span>
    </p>
   </div>
   <div class='ocr_carea' id='block_1_12' title="bbox 26 3250 1425 3818">
    <p class='ocr_par' dir='ltr' id='par_1_12' title="bbox 26 3250 1297 3620">
     <span class='ocr_line' id='line_1_30' title="bbox 28 3250 1297 3361; baseline 0.001 -24"><span class='ocrx_word' id='word_1_290' title='bbox 28 3344 36 3359; x_wconf 46' lang='grc' dir='ltr'>Ι</span> <span class='ocrx_word' id='word_1_291' title='bbox 84 3264 169 3337; x_wconf 68' lang='lat' dir='ltr'><strong>unu</strong></span> <span class='ocrx_word' id='word_1_292' title='bbox 189 3286 328 3341; x_wconf 76' lang='lat' dir='ltr'><strong>cavetor</strong></span> <span class='ocrx_word' id='word_1_293' title='bbox 364 3250 461 3341; x_wconf 79' lang='lat' dir='ltr'><strong>eten</strong></span> <span class='ocrx_word' id='word_1_294' title='bbox 488 3289 586 3361; x_wconf 88' lang='lat' dir='ltr'><strong>puto,</strong></span> <span class='ocrx_word' id='word_1_295' title='bbox 619 3298 679 3360; x_wconf 88' lang='lat' dir='ltr'><strong>per</strong></span> <span class='ocrx_word' id='word_1_296' title='bbox 701 3274 915 3357; x_wconf 87' lang='lat' dir='ltr'><strong>Pomponium</strong></span> <span class='ocrx_word' id='word_1_297' title='bbox 939 3275 1112 3343; x_wconf 80' lang='lat' dir='ltr'><strong>serendum</strong></span> <span class='ocrx_word' id='word_1_298' title='bbox 1139 3275 1199 3339; x_wconf 92' lang='lat' dir='ltr'><strong>tibi</strong></span> <span class='ocrx_word' id='word_1_299' title='bbox 1227 3296 1297 3339; x_wconf 86' lang='lat' dir='ltr'><strong>esse</strong></span> 
     </span>
     <span class='ocr_line' id='line_1_31' title="bbox 26 3363 1296 3455; baseline -0.002 -22"><span class='ocrx_word' id='word_1_300' title='bbox 26 3364 95 3433; x_wconf 61' lang='lat' dir='ltr'><strong>We</strong></span> <span class='ocrx_word' id='word_1_301' title='bbox 110 3363 322 3450; x_wconf 84' lang='lat' dir='ltr'><strong>Hortensium,</strong></span> <span class='ocrx_word' id='word_1_302' title='bbox 347 3390 385 3434; x_wconf 89' lang='lat' dir='ltr'><strong>ne</strong></span> <span class='ocrx_word' id='word_1_303' title='bbox 403 3368 457 3433; x_wconf 92' lang='lat' dir='ltr'><strong>ille</strong></span> <span class='ocrx_word' id='word_1_304' title='bbox 477 3393 605 3447; x_wconf 82' lang='lat' dir='ltr'><strong>versus,</strong></span> <span class='ocrx_word' id='word_1_305' title='bbox 629 3369 684 3455; x_wconf 92' lang='lat' dir='ltr'><strong>qui</strong></span> <span class='ocrx_word' id='word_1_306' title='bbox 709 3371 742 3433; x_wconf 89' lang='lat' dir='ltr'><strong>iu</strong></span> <span class='ocrx_word' id='word_1_307' title='bbox 764 3382 795 3433; x_wconf 85' lang='lat' dir='ltr'><strong>te</strong></span> <span class='ocrx_word' id='word_1_308' title='bbox 822 3381 891 3433; x_wconf 88' lang='lat' dir='ltr'><strong>erat</strong></span> <span class='ocrx_word' id='word_1_309' title='bbox 908 3370 1063 3446; x_wconf 90' lang='lat' dir='ltr'><strong>collatus,</strong></span> <span class='ocrx_word' id='word_1_310' title='bbox 1092 3392 1163 3434; x_wconf 87' lang='lat' dir='ltr'><strong>cum</strong></span> <span class='ocrx_word' id='word_1_311' title='bbox 1187 3368 1296 3432; x_wconf 86' lang='lat' dir='ltr'><strong>aedili·</strong></span> 
     </span>
     <span class='ocr_line' id='line_1_32' title="bbox 26 3448 1295 3620; baseline 0.003 -97"><span class='ocrx_word' id='word_1_312' title='bbox 26 3448 90 3607; x_wconf 55' lang='lat' dir='ltr'><strong>tlt?</strong></span> <span class='ocrx_word' id='word_1_313' title='bbox 106 3463 251 3620; x_wconf 53' lang='lat' dir='ltr'><strong>quelque}3</strong></span> <span class='ocrx_word' id='word_1_314' title='bbox 265 3466 306 3527; x_wconf 89' lang='lat' dir='ltr'><strong>de</strong></span> <span class='ocrx_word' id='word_1_315' title='bbox 329 3464 402 3548; x_wconf 81' lang='lat' dir='ltr'><strong>lege</strong></span> <span class='ocrx_word' id='word_1_316' title='bbox 417 3465 580 3543; x_wconf 84' lang='lat' dir='ltr'><strong>Aurelio,</strong></span> <span class='ocrx_word' id='word_1_317' title='bbox 603 3464 686 3530; x_wconf 89' lang='lat' dir='ltr'><strong>lalso</strong></span> <span class='ocrx_word' id='word_1_318' title='bbox 710 3463 892 3529; x_wconf 86' lang='lat' dir='ltr'><strong>testimonio</strong></span> <span class='ocrx_word' id='word_1_319' title='bbox 919 3464 1158 3528; x_wconf 87' lang='lat' dir='ltr'><strong>confirmetur.”</strong></span> <span class='ocrx_word' id='word_1_320' title='bbox 1190 3464 1229 3525; x_wconf 85' lang='lat' dir='ltr'><strong>ad</strong></span> <span class='ocrx_word' id='word_1_321' title='bbox 1250 3461 1295 3543; x_wconf 85' lang='lat' dir='ltr'><strong>Q.</strong></span> 
     </span>
    </p>

    <p class='ocr_par' dir='ltr' id='par_1_13' title="bbox 36 3574 1425 3818">
     <span class='ocr_line' id='line_1_33' title="bbox 82 3574 1425 3737; baseline -0.002 -29"><span class='ocrx_word' id='word_1_322' title='bbox 82 3574 210 3724; x_wconf 47' lang='lat' dir='ltr'><strong>mue-mre,</strong></span> <span class='ocrx_word' id='word_1_323' title='bbox 239 3600 393 3737; x_wconf 67' lang='lat' dir='ltr'><strong>(putantum</strong></span> <span class='ocrx_word' id='word_1_324' title='bbox 414 3672 431 3715; x_wconf 91' lang='lat' dir='ltr'><strong>e</strong></span> <span class='ocrx_word' id='word_1_325' title='bbox 453 3663 607 3716; x_wconf 82' lang='lat' dir='ltr'><strong>contentu</strong></span> <span class='ocrx_word' id='word_1_326' title='bbox 632 3649 771 3716; x_wconf 88' lang='lat' dir='ltr'><strong>iudicare</strong></span> <span class='ocrx_word' id='word_1_327' title='bbox 793 3651 887 3727; x_wconf 87' lang='lat' dir='ltr'><strong>licet,</strong></span> <span class='ocrx_word' id='word_1_328' title='bbox 911 3651 952 3714; x_wconf 87' lang='lat' dir='ltr'><strong>de</strong></span> <span class='ocrx_word' id='word_1_329' title='bbox 976 3649 1106 3714; x_wconf 85' lang='lat' dir='ltr'><strong>ambitu</strong></span> <span class='ocrx_word' id='word_1_330' title='bbox 1129 3648 1296 3712; x_wconf 84' lang='lat' dir='ltr'><strong>sanxisse:</strong></span> <span class='ocrx_word' id='word_1_331' title='bbox 1423 3700 1425 3705; x_wconf 83' lang='lat'><strong>.</strong></span> 
     </span>
     <span class='ocr_line' id='line_1_34' title="bbox 36 3730 1295 3818; baseline -0.001 -15"><span class='ocrx_word' id='word_1_332' title='bbox 36 3730 172 3804; x_wconf 64' lang='lat' dir='ltr'><strong>Fllttiam</strong></span> <span class='ocrx_word' id='word_1_333' title='bbox 197 3743 364 3809; x_wconf 84' lang='lat' dir='ltr'><strong>videbatur</strong></span> <span class='ocrx_word' id='word_1_334' title='bbox 386 3746 537 3811; x_wconf 88' lang='lat' dir='ltr'><strong>Manutio</strong></span> <span class='ocrx_word' id='word_1_335' title='bbox 560 3748 599 3809; x_wconf 87' lang='lat' dir='ltr'><strong>ad</strong></span> <span class='ocrx_word' id='word_1_336' title='bbox 620 3747 643 3809; x_wconf 87' lang='lat' dir='ltr'><strong>l.</strong></span> <span class='ocrx_word' id='word_1_337' title='bbox 668 3768 697 3813; x_wconf 81' lang='lat' dir='ltr'><strong>e.</strong></span> <span class='ocrx_word' id='word_1_338' title='bbox 732 3748 782 3811; x_wconf 86' lang='lat' dir='ltr'><strong>Ea</strong></span> <span class='ocrx_word' id='word_1_339' title='bbox 805 3744 894 3810; x_wconf 89' lang='lat' dir='ltr'><strong>cuius</strong></span> <span class='ocrx_word' id='word_1_340' title='bbox 915 3746 1050 3809; x_wconf 84' lang='lat' dir='ltr'><strong>Aurelii</strong></span> <span class='ocrx_word' id='word_1_341' title='bbox 1070 3742 1185 3818; x_wconf 89' lang='lat' dir='ltr'><strong>suerit,</strong></span> <span class='ocrx_word' id='word_1_342' title='bbox 1216 3761 1295 3803; x_wconf 90' lang='lat' dir='ltr'><strong>uon·</strong></span> 
     </span>
    </p>
   </div>
   <div class='ocr_carea' id='block_1_13' title="bbox 35 3804 338 3915">
    <p class='ocr_par' dir='ltr' id='par_1_14' title="bbox 35 3804 338 3915">
     <span class='ocr_line' id='line_1_35' title="bbox 35 3804 338 3915; baseline 0.017 -18"><span class='ocrx_word' id='word_1_343' title='bbox 35 3804 206 3915; x_wconf 63' lang='lat' dir='ltr'><strong>⁴&#39;turturi</strong></span> <span class='ocrx_word' id='word_1_344' title='bbox 250 3841 338 3904; x_wconf 86' lang='lat' dir='ltr'><strong>Enu.</strong></span> 
     </span>
    </p>
   </div>
   <div class='ocr_carea' id='block_1_14' title="bbox 560 4019 702 4083">
    <p class='ocr_par' dir='ltr' id='par_1_15' title="bbox 560 4019 702 4083">
     <span class='ocr_line' id='line_1_36' title="bbox 560 4019 702 4083; baseline 0.007 -1"><span class='ocrx_word' id='word_1_345' title='bbox 560 4019 702 4083; x_wconf 74' lang='lat' dir='ltr'><strong>Breuis.</strong></span> 
     </span>
    </p>
   </div>
   <div class='ocr_carea' id='block_1_15' title="bbox 15 4150 1295 4522">
    <p class='ocr_par' dir='ltr' id='par_1_16' title="bbox 25 4150 1295 4344">
     <span class='ocr_line' id='line_1_37' title="bbox 84 4150 1295 4255; baseline 0.004 -36"><span class='ocrx_word' id='word_1_346' title='bbox 84 4150 257 4255; x_wconf 67' lang='lat' dir='ltr'><strong>..Praetores</strong></span> <span class='ocrx_word' id='word_1_347' title='bbox 279 4176 431 4250; x_wconf 84' lang='lat' dir='ltr'><strong>quattuor</strong></span> <span class='ocrx_word' id='word_1_348' title='bbox 456 4178 532 4251; x_wconf 88' lang='lat' dir='ltr'><strong>post</strong></span> <span class='ocrx_word' id='word_1_349' title='bbox 559 4168 672 4231; x_wconf 73' lang='lat' dir='ltr'><strong>meritos</strong></span> <span class='ocrx_word' id='word_1_350' title='bbox 698 4187 798 4230; x_wconf 88' lang='lat' dir='ltr'><strong>annos</strong></span> <span class='ocrx_word' id='word_1_351' title='bbox 823 4168 868 4245; x_wconf 86' lang='lat' dir='ltr'><strong>(a.</strong></span> <span class='ocrx_word' id='word_1_352' title='bbox 892 4189 925 4229; x_wconf 93' lang='lat' dir='ltr'><strong>u.</strong></span> <span class='ocrx_word' id='word_1_353' title='bbox 950 4165 1040 4245; x_wconf 79' lang='lat'><strong>573.)</strong></span> <span class='ocrx_word' id='word_1_354' title='bbox 1067 4164 1142 4247; x_wconf 83' lang='lat' dir='ltr'><strong>lege</strong></span> <span class='ocrx_word' id='word_1_355' title='bbox 1167 4162 1295 4227; x_wconf 85' lang='lat' dir='ltr'><strong>Baebia</strong></span> 
     </span>
     <span class='ocr_line' id='line_1_38' title="bbox 25 4244 1157 4344; baseline 0.004 -27"><span class='ocrx_word' id='word_1_356' title='bbox 25 4244 106 4316; x_wconf 54' lang='grc' dir='ltr'><strong>ΜΠ,</strong></span> <span class='ocrx_word' id='word_1_357' title='bbox 123 4272 194 4334; x_wconf 86' lang='lat' dir='ltr'><strong>qnae</strong></span> <span class='ocrx_word' id='word_1_358' title='bbox 214 4258 344 4322; x_wconf 90' lang='lat' dir='ltr'><strong>alternis</strong></span> <span class='ocrx_word' id='word_1_359' title='bbox 366 4271 540 4344; x_wconf 88' lang='lat' dir='ltr'><strong>quaternos</strong></span> <span class='ocrx_word' id='word_1_360' title='bbox 562 4261 692 4325; x_wconf 88' lang='lat' dir='ltr'><strong>iubebat</strong></span> <span class='ocrx_word' id='word_1_361' title='bbox 717 4259 855 4324; x_wconf 88' lang='lat' dir='ltr'><strong>creari.’&#39;</strong></span> <span class='ocrx_word' id='word_1_362' title='bbox 900 4259 976 4323; x_wconf 86' lang='lat' dir='ltr'><strong>Lir.</strong></span> <span class='ocrx_word' id='word_1_363' title='bbox 1000 4258 1079 4320; x_wconf 91' lang='lat' dir='ltr'><strong>XL.</strong></span> <span class='ocrx_word' id='word_1_364' title='bbox 1104 4258 1157 4322; x_wconf 81' lang='lat' dir='ltr'><strong>ld.</strong></span> 
     </span>
    </p>

    <p class='ocr_par' dir='ltr' id='par_1_17' title="bbox 15 4332 1292 4522">
     <span class='ocr_line' id='line_1_39' title="bbox 81 4332 1291 4437; baseline -0.01 -13"><span class='ocrx_word' id='word_1_365' title='bbox 81 4332 176 4423; x_wconf 73' lang='lat' dir='ltr'><strong>Pinio</strong></span> <span class='ocrx_word' id='word_1_366' title='bbox 195 4352 394 4429; x_wconf 70' lang='lat' dir='ltr'><strong>(annun.</strong></span> <span class='ocrx_word' id='word_1_367' title='bbox 415 4356 465 4420; x_wconf 89' lang='lat'><strong>11.</strong></span> <span class='ocrx_word' id='word_1_368' title='bbox 489 4378 523 4437; x_wconf 71' lang='lat' dir='ltr'><strong>p.</strong></span> <span class='ocrx_word' id='word_1_369' title='bbox 547 4356 620 4419; x_wconf 78' lang='lat' dir='ltr'><strong>ms.</strong></span> <span class='ocrx_word' id='word_1_370' title='bbox 644 4366 724 4436; x_wconf 74' lang='lat' dir='ltr'><strong>up.</strong></span> <span class='ocrx_word' id='word_1_371' title='bbox 744 4350 1152 4434; x_wconf 58' lang='lat' dir='ltr'><strong>taruennensem.</strong></span> <span class='ocrx_word' id='word_1_372' title='bbox 1169 4350 1291 4414; x_wconf 74' lang='lat' dir='ltr'><strong>naen.</strong></span> 
     </span>
     <span class='ocr_line' id='line_1_40' title="bbox 15 4432 1292 4522; baseline -0.001 -11"><span class='ocrx_word' id='word_1_373' title='bbox 15 4432 132 4499; x_wconf 28' lang='lat' dir='ltr'><strong>‘ml‘</strong></span> <span class='ocrx_word' id='word_1_374' title='bbox 150 4457 177 4500; x_wconf 78' lang='lat'><strong>²·</strong></span> <span class='ocrx_word' id='word_1_375' title='bbox 199 4464 231 4505; x_wconf 78' lang='lat' dir='ltr'><strong>u.</strong></span> <span class='ocrx_word' id='word_1_376' title='bbox 254 4468 285 4510; x_wconf 85' lang='lat' dir='ltr'><strong>e.</strong></span> <span class='ocrx_word' id='word_1_377' title='bbox 309 4449 383 4512; x_wconf 74' lang='lat'><strong>561.</strong></span> <span class='ocrx_word' id='word_1_378' title='bbox 427 4447 623 4512; x_wconf 82' lang='lat' dir='ltr'><strong>Diseussisse</strong></span> <span class='ocrx_word' id='word_1_379' title='bbox 639 4449 691 4512; x_wconf 90' lang='lat' dir='ltr'><strong>M.</strong></span> <span class='ocrx_word' id='word_1_380' title='bbox 709 4447 883 4522; x_wconf 88' lang='lat' dir='ltr'><strong>Catonem,</strong></span> <span class='ocrx_word' id='word_1_381' title='bbox 907 4470 949 4511; x_wconf 86' lang='lat' dir='ltr'><strong>ne</strong></span> <span class='ocrx_word' id='word_1_382' title='bbox 967 4450 1025 4510; x_wconf 78' lang='lat' dir='ltr'><strong>lex</strong></span> <span class='ocrx_word' id='word_1_383' title='bbox 1048 4447 1176 4510; x_wconf 84' lang='lat' dir='ltr'><strong>Baebio</strong></span> <span class='ocrx_word' id='word_1_384' title='bbox 1194 4447 1292 4510; x_wconf 85' lang='lat' dir='ltr'><strong>dero·</strong></span> 
     </span>
    </p>
   </div>
   <div class='ocr_carea' id='block_1_16' title="bbox 23 4526 1291 4712">
    <p class='ocr_par' dir='ltr' id='par_1_18' title="bbox 23 4526 1291 4712">
     <span class='ocr_line' id='line_1_41' title="bbox 23 4526 1289 4627; baseline 0.006 -35"><span class='ocrx_word' id='word_1_385' title='bbox 23 4526 143 4601; x_wconf 62' lang='lat' dir='ltr'><strong>Mtte,</strong></span> <span class='ocrx_word' id='word_1_386' title='bbox 162 4550 292 4619; x_wconf 89' lang='lat' dir='ltr'><strong>apparet</strong></span> <span class='ocrx_word' id='word_1_387' title='bbox 307 4562 348 4601; x_wconf 82' lang='lat' dir='ltr'><strong>ex</strong></span> <span class='ocrx_word' id='word_1_388' title='bbox 361 4543 461 4606; x_wconf 81' lang='lat' dir='ltr'><strong>Festo</strong></span> <span class='ocrx_word' id='word_1_389' title='bbox 485 4564 513 4606; x_wconf 88' lang='lat' dir='ltr'><strong>s.</strong></span> <span class='ocrx_word' id='word_1_390' title='bbox 531 4564 564 4606; x_wconf 85' lang='lat' dir='ltr'><strong>v.</strong></span> <span class='ocrx_word' id='word_1_391' title='bbox 581 4545 705 4627; x_wconf 82' lang='lat' dir='ltr'><strong>Rogat.</strong></span> <span class='ocrx_word' id='word_1_392' title='bbox 749 4541 848 4608; x_wconf 87' lang='lat' dir='ltr'><strong>Conl.</strong></span> <span class='ocrx_word' id='word_1_393' title='bbox 873 4543 918 4607; x_wconf 91' lang='lat' dir='ltr'><strong>H.</strong></span> <span class='ocrx_word' id='word_1_394' title='bbox 936 4539 1066 4620; x_wconf 84' lang='lat' dir='ltr'><strong>Meycri</strong></span> <span class='ocrx_word' id='word_1_395' title='bbox 1079 4539 1179 4605; x_wconf 88' lang='lat' dir='ltr'><strong>nostri</strong></span> <span class='ocrx_word' id='word_1_396' title='bbox 1195 4541 1289 4603; x_wconf 88' lang='lat' dir='ltr'><strong>Orat.</strong></span> 
     </span>
     <span class='ocr_line' id='line_1_42' title="bbox 25 4600 1291 4712; baseline 0.009 -32"><span class='ocrx_word' id='word_1_397' title='bbox 25 4600 93 4675; x_wconf 59' lang='grc' dir='ltr'><strong>ΠΜ·</strong></span> <span class='ocrx_word' id='word_1_398' title='bbox 109 4616 214 4710; x_wconf 80' lang='lat' dir='ltr'><strong>fragm.</strong></span> <span class='ocrx_word' id='word_1_399' title='bbox 234 4651 268 4712; x_wconf 78' lang='lat' dir='ltr'><strong>p,</strong></span> <span class='ocrx_word' id='word_1_400' title='bbox 290 4631 343 4695; x_wconf 74' lang='lat'><strong>62,</strong></span> <span class='ocrx_word' id='word_1_401' title='bbox 1287 4644 1291 4655; x_wconf 81' lang='grc'><strong>“</strong></span> 
     </span>
    </p>
   </div>
   <div class='ocr_carea' id='block_1_17' title="bbox 124 4798 1152 4884">
    <p class='ocr_par' dir='ltr' id='par_1_19' title="bbox 124 4798 1152 4884">
     <span class='ocr_line' id='line_1_43' title="bbox 124 4798 1152 4884; baseline 0.009 -20"><span class='ocrx_word' id='word_1_402' title='bbox 124 4798 241 4872; x_wconf 77' lang='lat' dir='ltr'><strong>bannia</strong></span> <span class='ocrx_word' id='word_1_403' title='bbox 263 4809 437 4883; x_wconf 79' lang='lat' dir='ltr'><strong>Conunsra</strong></span> <span class='ocrx_word' id='word_1_404' title='bbox 459 4816 501 4881; x_wconf 84' lang='lat' dir='ltr'><strong>de</strong></span> <span class='ocrx_word' id='word_1_405' title='bbox 522 4816 665 4881; x_wconf 79' lang='lat' dir='ltr'><strong>ambitu.</strong></span> <span class='ocrx_word' id='word_1_406' title='bbox 710 4812 789 4879; x_wconf 87' lang='lat' dir='ltr'><strong>Vid.</strong></span> <span class='ocrx_word' id='word_1_407' title='bbox 814 4812 989 4881; x_wconf 69' lang='lat' dir='ltr'><strong>Conuenit</strong></span> <span class='ocrx_word' id='word_1_408' title='bbox 1011 4812 1152 4884; x_wconf 68' lang='lat' dir='ltr'><strong>Barnun.</strong></span> 
     </span>
    </p>
   </div>
   <div class='ocr_carea' id='block_1_18' title="bbox 0 0 1614 5572">
    <p class='ocr_par' dir='ltr' id='par_1_20' title="bbox 0 0 1614 5572">
     <span class='ocr_line' id='line_1_44' title="bbox 0 0 1614 5572; baseline 0 3"><span class='ocrx_word' id='word_1_409' title='bbox 0 0 1614 5572; x_wconf 95' lang='lat' dir='ltr'><strong> </strong></span> 
     </span>
    </p>
   </div>
  </div>
 </body>
</html>
