3338 5584
331 355 392 417 426
735 349 883 416 INDEX
904 350 1257 417 Foastubussmt

330 502 514 566 senatus,
538 487 1487 572 populiqueRomanilibertascarissimaaitet
1503 489 1601 564 luerit,

332 583 589 645 vacationem
614 580 783 642 militiae
805 579 910 659 ipsis
932 579 1164 663 liberisque
1192 600 1328 644 cortun
1355 600 1447 642 esse
1473 579 1603 660 plaeere,

331 686 449 737 extra
468 673 691 735 tumultum
722 672 926 734 Gallicum
949 671 1239 752 Italicumque;
1272 691 1422 753 easque
1449 672 1605 754 legisses,

330 767 443 829 bello
471 764 691 839 confecto,
727 762 867 824 missas
898 762 996 825 sieri
1024 763 1204 844 placere;
1239 775 1506 844 quantamque
1530 784 1607 842 pesa-

329 859 428 921 niam
466 856 667 919 militibus
703 876 837 918 earum
874 855 1078 936 legionum
1116 854 1151 916 iu
1185 853 1373 936 singulos
1407 851 1449 916 C.
1483 851 1620 935 Caesar,-

329 949 534 1032 poutiiex,
559 968 632 1028 pro
654 956 849 1029 praetore
872 945 1092 1026 pollicitus
1114 946 1188 1019 sit,
1213 945 1607 1026 lactantia-riphaeis:

329 1042 468 1125 utique
491 1039 533 1103 C.
558 1042 702 1112 Pansa,
725 1039 770 1100 Α.
794 1035 977 1111 Hirtius,
1002 1038 1215 1111 consiiles,
1247 1039 1372 1111 aiter,
1405 1038 1567 1111 ambove,
1587 1040 1608 1101 S.

329 1137 371 1199 E.
394 1137 460 1208 V.,
483 1131 686 1194 rationem
709 1128 795 1210 agri
819 1131 1009 1202 babeant,
1033 1128 1099 1209 qui
1122 1128 1206 1189 sine
1229 1128 1376 1191 iniuria
1399 1129 1609 1208 privatoria

329 1224 459 1288 (lividi
481 1222 628 1304 possit3
657 1221 772 1303 isque
795 1219 997 1282 militibus
1020 1219 1200 1302 legionis
1224 1218 1398 1283 Martiae
1419 1230 1457 1280 et
1478 1219 1610 1301 legionis

312 1327 496 1398 'quartae
518 1313 571 1375 ita
595 1316 776 1387 daretur,
804 1311 1113 1393 assignaretur,
1137 1322 1179 1373 ut
1202 1311 1345 1393 quibus
1367 1310 1610 1373 militibusau·

329 1406 514 1487 piissime
536 1404 859 1497 dati‚·a'ssigoati
881 1414 1055 1481 esseut„
1079 1402 1224 1483 Philipp.
1247 1405 1282 1476 5,
1309 1404 1367 1475 19,
1393 1403 1446 1465 53.

417 1499 534 1576 Orroei
555 1498 600 1560 L.
625 1496 806 1579 Opimius
829 1494 973 1557 consui
998 1496 1119 1555 rerba
1141 1492 1244 1555 iecit
1266 1497 1309 1555 de
1337 1493 1563 1573 republica,
1584 1493 1610 1553 it

329 1610 371 1652 ea
394 1609 436 1651 re
459 1588 514 1650 ita
537 1599 805 1661 censuerunt,
830 1585 887 1648 uti
908 1587 954 1648 L.
972 1584 1163 1665 Opimius
1186 1585 1328 1648 consui
1351 1606 1429 1645 rem
1452 1584 1611 1665 publicar

330 1679 581 1744 detenderet.
626 1681 761 1742 Senatus
777 1681 856 1740 haec
872 1677 999 1751 verbis,
1025 1676 1172 1758 Opimius
1195 1677 1303 1739 armis.
1338 1677 1484 1757 Philipp.
1498 1677 1527 1749 8,
1542 1679 1567 1748 i,
1581 1676 1611 1735 li.

415 1773 502 1850 Quas
524 1775 567 1835 ob
586 1792 638 1833 res
658 1771 700 1833 ita
722 1790 858 1833 censeo:
882 1770 1050 1841 Roriam,
1074 1769 1140 1849 qui
1164 1789 1243 1829 cum
1267 1768 1322 1831 M.
1345 1769 1523 1832 Antonio
1541 1776 1611 1838 sart,

328 1865 393 1947 qui
425 1867 473 1926 ab
503 1864 624 1925 armis
654 1860 929 1924 discesserint
960 1872 998 1923 et
1026 1862 1167 1934 autad
1190 1858 1231 1923 C.
1256 1861 1423 1923 Pansam
1452 1858 1613 1922 autalil

328 1955 507 2019 Hirtium
541 1955 734 2018 consules
765 1963 828 2013 aut
858 1954 905 2015 aii
933 1951 1138 2017 Decimum
1168 1952 1337 2013 Brutum
1367 1951 1613 2032 imperatores

329 2047 533 2110 consulem
567 2045 817 2127 designatum
851 2056 917 2107 aut
948 2046 995 2106 ad
1029 2043 1071 2108 C.
1104 2042 1316 2107 Caesarem
1350 2064 1423 2123 pro
1459 2052 1614 2125 praetore

329 2150 420 2199 sote
444 2138 536 2200 idus
558 2137 730 2199 Martias
753 2136 902 2216 primas
924 2136 1127 2211 adierint,
1151 2134 1204 2197 iis
1225 2135 1369 2211 traria}
1389 2156 1431 2197 ae
1455 2135 1524 2209 sit,
1544 2134 1615 2217 quoi

328 2251 411 2292 uum
434 2227 482 2291 M.
508 2228 687 2291 Antonio
709 2227 884 2290 luerint.
940 2230 982 2292 Si
1005 2229 1096 2311 quis
1118 2249 1270 2302 eorum,
1307 2226 1371 2309 qui
1394 2246 1479 2289 cum
1501 2228 1549 2291 M.
1567 2229 1614 2288 iia·

328 2319 446 2385 torio
468 2333 576 2396 suot,
611 2319 784 2393 lecerit,
821 2323 927 2402 quod
950 2323 1101 2399 bonore
1123 2319 1355 2401 praemiove
1378 2319 1536 2403 dignum
1558 2336 1615 2379 esu

329 2413 535 2485 videatur;
567 2411 619 2474 uti
649 2411 691 2476 C.
715 2412 842 2474 Pausa
866 2415 910 2475 Α.
935 2411 1101 2475 Hirtius
1124 2411 1318 2475 consules
1340 2411 1442 2474 aiter
1464 2415 1614 2479 ambove,

328 2503 361 2567 si
382 2504 441 2565 eis
465 2504 693 2589 videbitur,
726 2507 771 2566 de
793 2503 878 2565 cius
900 2504 1054 2566 bonore
1077 2502 1311 2584 praemiove
1332 2502 1464 2583 primo
1493 2518 1615 2586 quoqu

329 2595 391 2659 die
413 2597 459 2657 ad
481 2608 658 2659 senatum
681 2596 876 2659 reieraut.
931 2596 973 2657 Si
996 2595 1083 2678 quis
1106 2607 1199 2674 post
1220 2594 1296 2657 hoc
1317 2592 1481 2657 senatus
1502 2591 1616 2659 coetui·

256 2678 260 2689 ’
328 2700 406 2750 tum
429 2687 705 2751 adAntooium
727 2690 944 2769 proiectus
966 2698 1074 2749 esset
1096 2698 1260 2768 praeter
1277 2689 1320 2749 L.
1338 2687 1519 2760 Varium,
1540 2703 1616 2748 sera

328 2792 406 2841 tum
429 2779 752 2843 existimaturum
776 2801 860 2843 eum
884 2791 1024 2843 contra
1047 2800 1123 2841 rem
1145 2778 1351 2861 publicam
1373 2779 1536 2841 iecisse.
1566 2774 1635 2855 Pii-l

217 2872 223 2877 ·
328 2870 633 2950 lipp.8,1t‚33.

415 2961 504 3041 Quas
526 2965 643 3026 ubres
666 2962 707 3024 ita
730 2984 864 3026 censeo:
896 2954 1104 3027 Cum'Ser.
1135 2962 1339 3043 Sulpicius
1371 2963 1415 3043 Q.
1447 2965 1489 3026 F.
1518 2965 1635 3025 Leuol

330 3052 394 3115 oia
422 3054 574 3127 liuius,
606 3053 867 3132 difficillimo
896 3055 955 3118 rei
985 3056 1178 3135 publicae
1208 3068 1413 3135 tempore,
1451 3055 1617 3135 gravipe

328 3144 596 3226 riculosoque
630 3148 771 3207 morbo
803 3146 1003 3221 allectus,
1038 3147 1324 3210 alletoritatem
1352 3160 1519 3210 senatus
1547 3144 1616 3207 salc-

329 3246 488 3317 temque
516 3236 577 3298 rei
606 3237 790 3321 publicae
820 3236 927 3299 vitae
956 3259 1052 3300 suae
1081 3237 1397 3319 praeposuerit,
1432 3250 1617 3316 contraqat

329 3325 402 3388 vim
427 3328 756 3412 gravitatemque
784 3329 914 3391 morbi
937 3331 1213 3402 contenderit,
1247 3341 1286 3392 ut
1315 3332 1352 3392 iu
1374 3332 1617 3393 castraArtt·

329 3418 402 3493 nii,
428 3440 507 3501 quo
529 3431 693 3482 senatus
715 3442 795 3483 eum
820 3422 1007 3494 miserat,
1031 3422 1287 3502 pervenerit;
1317 3422 1454 3504 isque,
1480 3421 1617 3487 enaim

328 3532 460 3590 prope
483 3523 614 3573 castra
634 3512 886 3587 venisset‚'vi
909 3513 1037 3575 morbi
1060 3534 1303 3593 oppressus.
1328 3514 1450 3577 vitam
1475 3506 1617 3575 amiserit

327 3598 367 3663 in
390 3604 555 3665 maximo
578 3603 637 3665 rei
660 3605 848 3684 publicae
872 3626 1046 3677 tuiioere3
1063 3606 1231 3687 eiusque
1254 3618 1359 3670 mors
1380 3615 1617 3669 consentanea

330 3696 438 3759 vitae
470 3696 596 3757 luerit
628 3695 889 3759 sanctissime
923 3697 1294 3781 honestissimeque
1332 3711 1465 3773 actae,
1489 3699 1541 3763 .ic
1570 3706 1617 3771 (μί

327 3809 450 3868 saepe
473 3808 612 3870 magno
635 3786 722 3849 usui
744 3790 803 3849 rei
826 3788 1012 3869 publicae
1035 3792 1121 3853 Ser.
1145 3789 1367 3870 Sulpicius,
1391 3802 1429 3852 et
1452 3790 1617 3871 privatus.

328 3892 367 3942 et
390 3880 426 3941 in
449 3880 770 3962 satagistratibus,
795 3880 938 3953 luerit3
968 3902 1050 3943 crim
1074 3882 1166 3943 talis
1190 3882 1252 3945 vir
1274 3885 1325 3945 ob
1348 3904 1427 3944 rem
1451 3879 1618 3963 publius

223 4057 225 4061 y
329 3972 366 4034 is
389 3972 599 4055 legatione
623 3984 791 4035 mortem
815 3972 985 4035 obierit:
1009 3975 1178 4036 Senatui
1200 3973 1383 4053 placere.
1408 3976 1497 4037 Ser.
1520 3962 1617 4045 Sulpi·

328 4063 394 4126 cio
417 4074 587 4126 statuam
610 4066 835 4143 pedestrem
859 4086 1018 4126 aeneam
1042 4064 1076 4126 in
1101 4065 1265 4128 Rostris
1289 4087 1334 4128 ex
1357 4065 1478 4128 buius
1500 4054 1616 4126 ordinis

328 4155 531 4218 sententia
554 4155 698 4229 statui,
722 4156 955 4237 circumque
977 4178 1060 4218 earn
1083 4164 1256 4221 statuam
1280 4157 1411 4221 iocum
1437 4156 1542 4218 ludis
1566 4149 1617 4234 git·

328 4246 647 4327 diatoribusque
678 4247 838 4308 liberos
868 4258 1148 4330 posterosque
1185 4250 1271 4311 eius
1308 4270 1471 4331 quoquo
1509 4258 1616 4309 versat

327 4341 450 4417 pedes
479 4337 658 4419 quinque
687 4340 853 4413 babere,
886 4341 996 4420 quod
1022 4339 1056 4402 is
1080 4342 1128 4400 ob
1151 4360 1231 4399 rem
1254 4342 1452 4419 publicam
1483 4350 1616 4402 mortes

328 4421 499 4503 obierit,
524 4448 682 4512 eamque
705 4449 859 4491 causam
883 4429 920 4491 iu
944 4431 1029 4492 basi
1051 4430 1246 4504 inscribi,
1274 4431 1415 4513 utique
1438 4431 1480 4496 C.
1502 4433 1615 4494 Pansa.

330 4520 376 4582 A.
399 4520 578 4596 Hirtius,
603 4522 812 4596 consides,
836 4524 941 4584 alter
963 4524 1148 4596 ambove,
1172 4523 1205 4585 si
1227 4522 1285 4585 sis
1309 4525 1511 4595 videatur,
1532 4534 1615 4601 qaae

327 4610 514 4675 storibus
537 4612 650 4674 urbis
672 4614 889 4694 imperent,
915 4627 956 4677 ut
978 4634 1062 4677 eam
1086 4613 1209 4676 basim
1233 4626 1480 4694 statuamque
1500 4609 1616 4674 iacier

327 4706 411 4767 dam
441 4713 478 4763 et
506 4701 546 4764 in
576 4705 740 4768 Rostris
771 4710 1022 4770 statuendam
1051 4707 1206 4780 iocent3
1241 4708 1464 4789 quantique
1486 4706 1614 4769 locare·
