3214 5586
422 316 572 434 lunen
592 354 774 425 Laeua.
1110 304 1115 309 ’
1199 359 1260 427 ua

25 522 78 567 aare
99 488 310 585 assignentur,
349 497 433 563 aicsa
470 510 554 564 esset
591 499 737 584 neglecta
764 499 1030 593 sumptuaria.''
1079 502 1118 564 ad
1156 498 1285 567 Attio..

27 596 131 667 xttln,
147 599 172 656 l.

82 690 142 760 ‚tas
156 690 378 772 sumptuaria,
403 708 484 770 qnae
506 690 631 750 videtur
654 683 811 768 λιτότητα
831 689 990 766 attulisse,
1016 711 1051 755 ea
1068 688 1140 752 milri
1159 687 1263 752 belidi

25 783 73 845 init.
97 784 151 845 lira
171 784 235 844 dum
256 784 368 847 volarat
395 783 447 846 isti
477 783 552 846 lauti
577 796 664 846 terra
688 794 778 859 nata,
810 804 890 867 quae
920 785 992 868 lege
1016 794 1151 866 excepta
1176 793 1261 859 strat,

25 874 161 938 inluoren
180 878 345 952 adducere,
375 876 511 961 frangas,
541 876 711 954 heluellas,
743 876 860 939 herbas
890 898 999 941 onmes
1022 877 1065 940 ita
1092 875 1261 951 condiunt,

25 968 201 1050 atrillpossit
218 990 283 1033 esse
304 968 445 1033 suavius.
491 971 529 1034 ln
551 990 603 1034 eas
631 992 701 1032 eum
728 968 904 1032 incidissem
932 969 966 1033 in
988 992 1089 1037 coena
1120 964 1265 1053 algurali

24 1062 230 1141 udhntalum,
254 1075 339 1126 tauta
363 1086 411 1155 me
433 1059 589 1153 ὃιιέῤῥοια
614 1064 769 1147 arripiat,
794 1076 828 1125 ut
850 1063 944 1127 bodie
962 1064 1096 1147 primum
1120 1063 1265 1126 videatur

22 1154 291 1233 antummum.
337 1158 386 1221 lta
412 1178 495 1242 ego,
525 1157 580 1242 quii
603 1179 651 1220 me
679 1159 795 1221 ostreis
818 1170 849 1220 et
872 1148 1027 1222 ruriraenis
1051 1158 1143 1221 facile
1168 1155 1265 1219 absti-

22 1249 96 1324 etan,
122 1252 217 1314 abela
245 1264 278 1314 et
304 1270 322 1315 a
350 1253 452 1315 uralra
477 1256 632 1334 deceptus
662 1250 782 1335 ιιιιιι.”ι
802 1255 840 1313 ad
863 1253 954 1316 Fam.
979 1254 1063 1317 Vll.
1084 1253 1143 1326 26,
1168 1251 1200 1313 2.
1225 1283 1266 1297 -·

22 1340 123 1411 ,Βταιιι
145 1345 168 1407 si
193 1346 338 1422 habebo,
372 1345 405 1408 in
434 1349 534 1411 denos
563 1348 631 1411 dies
659 1346 803 1431 singulos
832 1349 1071 1431 sumptuariae
1093 1345 1173 1432 legis
1200 1343 1266 1407 dies

22 1433 149 1503 weraass'
178 1441 214 1501 ad
236 1440 327 1503 Fam.
351 1441 416 1504 lx.
440 1442 500 1514 iit,
526 1442 557 1504 5.

65 1532 232 1597 Adeutore
249 1533 389 1607 Caesare
408 1534 469 1596 lata
488 1545 548 1597 est.
573 1534 770 1619 Quamquam
789 1532 871 1598 eninr
890 1536 1056 1599 Manutius
1075 1536 1113 1599 ad
1131 1531 1204 1598 Cic.
1227 1533 1268 1595 ad

22 1619 186 1689 tistitus.
199 1626 405 1709 planevocat
420 1627 451 1690 in
469 1626 597 1711 dubium
613 1629 695 1690 bane
713 1629 834 1713 legem,
859 1640 954 1715 atque
971 1629 1062 1692 etiam
1079 1627 1203 1692 Gellius
1218 1625 1268 1689 Π.
1365 1656 1367 1661 >

22 1714 44 1775 l.
59 1717 198 1783 bassim
212 1720 325 1785 tribuit
343 1720 456 1785 ltaliam
477 1721 722 1804 sumptuariam:
748 1733 852 1786 tamen
870 1745 913 1786 ex
932 1725 955 1786 Ι.
976 1746 1006 1787 c.
1023 1721 1102 1786 satis
1122 1731 1267 1803 apparet,

22 1808 137 1889 *suoru
152 1813 356 1897 sumptuarias
378 1816 468 1898 leges
488 1818 528 1878 ab
552 1836 592 1880 eo
608 1816 762 1898 repetitas
785 1829 817 1879 ct
835 1816 978 1880 severius
1002 1816 1135 1880 sancitas
1156 1814 1269 1878 irrisae.
1330 1812 1335 1825 “

22 1894 218 1989 lattrectatores
241 1929 282 1972 en
306 1910 461 1991 Hispania
486 1909 632 1992 scripsit,
656 1931 692 1974 se
718 1922 829 1992 postea
856 1913 980 1976 Romae
1004 1894 1203 1986 mansurum,
1227 1930 1270 1973 ne

22 1990 141 2079 haute
164 2003 419 2089 negligerentur,
455 2015 489 2065 ut
512 2005 656 2086 neglecta
686 2017 768 2067 esset
794 2003 864 2080 illa,
901 2026 996 2089 quam
1025 2005 1064 2066 de
1090 2004 1270 2085 sumptibus

22 2080 109 2155 Νι
126 2092 250 2161 tulisset.
296 2098 331 2163 Si
352 2088 394 2162 'ab
415 2098 479 2162 alio
504 2098 566 2160 lata
589 2097 784 2179 sumptuaria
807 2098 953 2183 neglecta
979 2106 1084 2172 esset,
1109 2108 1143 2160 nt
1164 2097 1272 2178 placet
1350 2148 1357 2156 .

22 2172 121 2264 Μ,
140 2193 215 2255 tunde
235 2191 327 2257 timet
349 2191 486 2268 Caesar,
512 2212 550 2255 ne
573 2212 649 2255 suae
670 2212 800 2277 quiaque
819 2191 1087 2256 contemnantur?
1120 2191 1269 2256 Aliorum

22 2268 151 2366 bffitttpe
167 2288 328 2371 neglectas
350 2287 465 2350 scimus
489 2286 572 2362 (vid.
594 2308 627 2349 v.
651 2309 681 2350 c.
693 2284 962 2377 frumentariae
984 2289 1108 2370 leges);
1133 2288 1271 2350 sednon

22 2360 78 2431 Νι
91 2374 141 2443 iao
160 2381 279 2456 latore,
304 2380 337 2443 in
358 2379 468 2463 prinus
490 2400 549 2456 eo,
574 2380 629 2463 qui
650 2391 764 2461 potens
788 2388 890 2453 esset,
915 2389 949 2442 ut
972 2380 1074 2463 legem
1090 2400 1177 2442 stram
1194 2399 1271 2443 con-

22 2475 115 2529 Ι*Μίιι
132 2473 230 2551 vellet.
273 2476 390 2559 ltaque
414 2473 535 2539 Caesar
557 2495 621 2536 non
643 2484 805 2554 putasset,
838 2474 902 2535 boc
931 2471 962 2534 in
992 2473 1040 2534 bis
1068 2471 1193 2556 legibus
1217 2492 1272 2534 au·

22 2566 280 2657 ¹'thtreanuam
312 2578 346 2630 et
368 2578 541 2650 propterea
568 2568 599 2631 iu
623 2564 807 2647 Hispaniam
834 2564 923 2629 abiit.
967 2566 1061 2628 Nunc
1087 2565 1270 2629 animaliter

22 2648 208 2747 Quanta,
232 2675 264 2725 et
280 2662 342 2725 iam
363 2662 484 2725 initium
505 2661 766 2744 negligendarum
792 2660 898 2744 legum
915 2680 1044 2722 suarum
1064 2659 1186 2743 laetum
1202 2679 1271 2723 esse

22 2754 232 2833 'matteum
264 2758 389 2821 Romae
412 2776 538 2819 manere
560 2757 646 2829 vrrlt,
679 2766 713 2817 ut
734 2750 914 2837 praesentia
936 2776 992 2818 sua
1016 2754 1193 2816 absterreat
1211 2754 1271 2819 bo·

23 2828 154 2910 *tali
165 2871 198 2912 re
212 2851 371 2914 eradenda.
413 2848 561 2934 Denique
577 2849 604 2912 si
619 2850 698 2911 alius
716 2847 819 2933 legem
837 2849 1013 2935 neglectam
1029 2848 1134 2911 dicere
1154 2847 1271 2922 voterit,

23 2938 255 3023 ’minanam
279 2944 390 3026 potius
417 2943 575 3019 nominat,
613 2964 706 3027 quam
733 2963 963 3028 quamcumque
986 2942 1098 3005 aliam?
1134 2942 1186 3007 De
1212 2945 1273 3006 bae

23 3008 191 3105 *fitteris
213 3038 440 3124 intelligendus
465 3042 537 3104 siae
569 3038 667 3099 disbio
696 3050 743 3099 est
772 3037 865 3100 etiam
897 3037 989 3101 locus
1018 3039 1057 3099 ad
1086 3035 1270 3101 Dia-tx.

66 3118 89 3182 l·
104 3145 159 3191 ran
179 3152 213 3194 ea
238 3132 376 3215 epistola
399 3132 518 3215 scripta
540 3141 588 3193 est
611 3131 709 3212 patilo
732 3144 820 3206 ante,
846 3138 940 3215 qira'm
962 3129 1082 3196 Caesar
1104 3129 1134 3192 io
1154 3129 1274 3212 Hispa-

76 3214 120 3280 iret
138 3237 207 3305 post
227 3227 347 3289 bellum
370 3225 571 3305 Africanum.
615 3225 769 3290 Ceterum
784 3225 811 3287 is
827 3226 992 3310 neglectus
1009 3223 1089 3309 legis
1111 3245 1182 3288 eum
1204 3246 1274 3288 mo·

64 3310 189 3412 'tilium
213 3335 247 3385 ut
267 3331 381 3403 postea
404 3340 516 3386 severe
543 3340 621 3383 eam·
636 3330 812 3382 exerceret.
855 3319 933 3381 Vid.
959 3320 1093 3381 Snetnn.
1118 3341 1191 3402 cap.
1214 3320 1268 3384 tu.

86 3406 217 3479 Taren.
248 3417 336 3480 Enu.
380 3412 527 3481 Suetonii
552 3414 650 3476 verba
672 3414 752 3475 baec
773 3424 865 3475 sunt:
891 3412 1165 3496 „Peregrinarum
1185 3434 1270 3476 mer·

45 3570 50 3579 ,
76 3508 196 3577 moria
220 3507 372 3572 instituit.
416 3508 619 3573 Lecticarum
647 3527 757 3581 usum,
781 3505 853 3568 item
879 3504 1101 3586 conchyliatae
1120 3506 1217 3570 vestis
1240 3517 1272 3570 ct

94 3591 100 3606 ⁸
160 3622 207 3677 ιι,
223 3603 285 3667 nisi
299 3601 394 3666 certis
408 3602 555 3685 personis
573 3613 605 3665 et
619 3602 776 3666 aetatibus
791 3621 912 3684 perque
931 3611 1039 3663 certos
1054 3599 1120 3662 dies
1139 3599 1270 3665 ademit.

104 3695 266 3779 pnecipuc
290 3696 517 3779 sumptuariam
539 3699 702 3771 excreuit,
735 3693 1002 3778 dispositissima
1026 3695 1187 3758 macellum
1214 3715 1270 3757 cn·

112 3827 121 3858 ι
145 3790 196 3870 qui
219 3791 353 3856 obsonia
377 3803 489 3855 contra
514 3792 645 3855 vetitum
668 3789 845 3857 retinerent
868 3792 1137 3872 deportarentque
1159 3789 1199 3849 ad
1221 3782 1268 3861 se',

136 3901 354 3970 nonuunquam
377 3885 542 3949 lictoribus
566 3896 660 3969 atque
682 3883 849 3960 militibus,
884 3883 956 3967 quai,
987 3882 1097 3967 siqua
1120 3879 1271 3943 custodes
1317 3890 1322 3901 '

26 3934 154 4051 strat,
175 3977 233 4041 iam
256 3978 402 4062 apposita
424 3999 442 4042 e
465 3977 602 4042 triclinio
626 3976 821 4041 auferrent.”
864 3980 957 4041 Adde
973 3976 1109 4042 Diouem
1126 3971 1270 4038 Cassium

78 4056 169 4132 10252
196 4066 246 4137 ab
265 4068 470 4159 ἀναλώματα
493 4073 557 4138 τῶν
577 4094 607 4137 rt
628 4067 782 4161 ἐχόντων,
804 4072 855 4135 r'nl
877 4073 1029 4134 πλεῖστον
1050 4063 1101 4134 ὑπ’
1127 4062 1272 4144 ἀσωτίας

56 4156 129 4262 aaa,
147 4159 204 4229 οὐκ
222 4167 255 4230 e'r
272 4162 365 4257 νόμῳ
383 4162 486 4252 μόνον
507 4166 708 4253 ἐμετρίασεν,
729 4161 886 4231 ἀλλὰκαὶ
907 4163 954 4255 τῷ
975 4161 1057 4252 ἔργῳ
1077 4156 1217 4248 ἰσχυρῶς
1239 4157 1273 4226 ἐν

77 4296 89 4339 ·.
115 4253 288 4339 ἐποιήσατο.
331 4260 711 4327 Goni.8unrrruan1tu.

127 4411 216 4479 lunia
236 4418 278 4483 de
295 4418 500 4503 publicanis.

66 4527 193 4603 affiatu
210 4540 301 4603 scirit
323 4541 485 4620 (Plancius
505 4542 609 4624 pater)
628 4538 734 4623 legem
756 4534 798 4601 cle
817 4533 1012 4621 publicanis
1030 4543 1111 4611 tum,
1135 4556 1206 4598 cura
1222 4533 1273 4598 vir

27 4613 163 4691 ’ΜΝ
182 4635 289 4697 meent
309 4637 361 4715 (0.
386 4625 531 4713 θαατατ)
550 4633 583 4696 id
608 4632 653 4696 illi
676 4630 781 4698 ordini
803 4652 862 4713 per
884 4631 1039 4714 populum
1062 4627 1164 4707 dedit,
1185 4627 1273 4712 quod

28 4718 196 4803 limum,
224 4726 250 4791 ai
275 4726 433 4811 lienum,
464 4726 639 4792 dedisml'
673 4722 1055 4810 praelaudamus.
1088 4755 1130 4768 -
1163 4716 1273 4802 „cun

28 4810 481 4965 Ρ*ἴΡῑΜθῑιξὶιιιιῖιΙιΙίοιιιιοιιιιιι
505 4819 576 4888 cn.
603 4819 726 4887 Plancii
759 4831 850 4902 pater
879 4828 911 4883 et
938 4816 1075 4884 societas
1101 4815 1210 4958 ppdem
1235 4810 1276 4875 in
