3214 5586
619 386 976 477 mnnxnnamu.
1400 406 1462 477 aas

134 555 282 633 allatum,
316 551 462 637 quamvis
491 549 532 615 sit
546 574 647 616 1ιιι555
675 552 872 618 coniectura.
905 552 1090 616 Gusnrsus.
1133 550 1308 616 Grticbiunr
1335 514 1464 616 secutus

131 651 192 715 lib.
212 650 260 714 II.
281 650 320 711 de
338 646 459 713 Cornit.
480 648 563 710 bano
581 649 678 712 inisse
700 661 901 732 quaesturam
921 658 1020 730 puto,
1045 657 1148 710 natam
1170 668 1210 709 ex
1225 647 1372 731 agraria
1392 647 1465 732 lege

131 747 235 811 Sexti
256 744 344 810 Titii
364 742 485 805 tribuni
506 741 625 826 plebis,
650 745 688 807 ad
711 742 923 827 colligendum
940 741 1063 804 scilicet
1078 741 1215 827 vectigal
1232 741 1320 826 agria
1334 740 1465 823 publice

130 837 302 922 assignatis
329 838 532 919 impositum,
570 838 658 900 euius
690 837 830 899 meminit
862 834 1012 899 Valerius
1045 836 1148 901 VIII.
1183 837 1214 900 1.
1259 836 1467 902 Pensionem

130 937 309 998 vocabant.
343 934 458 1016 Neque
477 931 614 995 Manutii
631 932 835 995 coniecturae
851 930 980 994 muitum
1001 932 1119 994 babere
1135 930 1285 996 momenti
1301 929 1464 994 videntura

131 1033 305 1095 Murena.
329 1025 448 1110 inquit,
469 1026 685 1110 prouinciam
706 1025 826 1088 babuit
847 1037 960 1102 sorte,
985 1046 1053 1089 non
1075 1027 1169 1108 lege3
1196 1045 1309 1107 nempe
1332 1025 1465 1090 sortitus

131 1134 183 1186 sst
205 1123 419 1208 quaestoriam
439 1120 656 1202 provinciam,
681 1138 773 1202 quam
798 1119 849 1182 lex
874 1120 977 1196 Titia,
1003 1130 1035 1182 ut
1060 1119 1210 1194 dicimus,
1235 1118 1464 1184 constituenti

131 1216 300 1301 Oportua't
315 1214 491 1279 naminari
502 1213 716 1297 prouinciam
732 1217 923 1289 Murenae,
946 1224 986 1277 ut
1006 1215 1068 1277 ilia
1086 1213 1231 1295 Sulpicii
1251 1213 1465 1277 nominatur.

131 1314 239 1384 Esto,
274 1312 331 1373 sed
358 1326 422 1371 non
452 1309 536 1371 aliud
567 1307 612 1370 iili
634 1329 749 1372 nornen
773 1320 863 1382 erat;
890 1319 1061 1391 quaestura
1082 1309 1248 1371 dicebatur
1272 1311 1343 1393 iege
1366 1307 1464 1383 Titia,

131 1407 168 1469 b.
194 1427 224 1469 e.
248 1407 326 1469 Sex.
351 1403 440 1466 Titio
461 1401 622 1466 instituta:
654 1401 902 1484 Reponendum
923 1402 1082 1477 lautia,
1106 1424 1194 1487 quae
1216 1424 1362 1467 munera
1372 1400 1467 1493 fue·

130 1511 216 1565 rant
244 1498 369 1583 legatis
398 1510 602 1561 exterarum
633 1497 814 1561 nationum
842 1497 921 1559 dari
949 1496 1053 1560 solita
1082 1519 1148 1579 per
1174 1508 1391 1581 quaestores,
1425 1518 1467 1560 ex

130 1595 338 1659 Plutarchus
371 1593 423 1656 An
452 1603 570 1655 tantum
600 1592 664 1654 boc
693 1613 804 1653 munus
834 1601 922 1673 era-t,
959 1590 1009 1652 cui
1039 1601 1228 1675 quaestores
1259 1590 1372 1655 urbani
1402 1612 1466 1654 non

130 1685 336 1754 sufficerent?
359 1700 390 1750 et
407 1708 483 1749 sane
504 1706 567 1749 non
587 1685 656 1748 sine
675 1706 769 1749 causa
793 1684 985 1749 Plutarchus
1008 1683 1040 1748 in
1064 1685 1180 1748 Probi.
1204 1706 1263 1766 per
1276 1692 1467 1768 'quaestores

69 1831 72 1836 .
131 1780 201 1846 dari
222 1781 317 1844 solita
339 1780 434 1843 lautia
458 1780 588 1855 cernit,
614 1801 676 1843 nou
699 1801 759 1861 per
780 1790 1001 1864 quaestorem,
1027 1777 1182 1863 qrsnd·ilii
1199 1778 1247 1841 rei
1270 1794 1333 1841 non
1359 1790 1467 1841 certus

133 1873 259 1960 quidam
283 1885 452 1959 quaestor,
476 1875 532 1937 sed
554 1874 664 1937 urbani
686 1886 874 1958 quaestores
895 1884 1091 1956 praeessent.
1125 1873 1327 1937 Fannia-ius.

369 2019 546 2111 naemu.
568 2043 610 2106 a.
631 2043 801 2127 rogasse.
823 2043 939 2108 aecem
960 2042 1109 2108 areauna.
1127 2043 1231 2127 pau.

223 2188 286 2259 ,.L
309 2166 521 2260 Trebonius,
554 2182 700 2247 tribunus
723 2183 824 2266 piebis
847 2186 891 2265 (a.
914 2207 945 2249 u.
967 2207 998 2249 c.
1022 2185 1134 2264 305.),
1167 2182 1300 2249 infestus
1321 2186 1466 2269 patribus
1535 2254 1544 2271 .

141 2280 226 2360 quod
242 2299 275 2341 se
293 2277 364 2340 ab''
346 2299 381 2340 ua
398 2276 430 2341 in
450 2277 638 2360 cooptandis
659 2278 795 2343 tribunis
813 2282 925 2344 fraude
941 2291 1089 2361 captum,
1113 2279 1275 2367 proditum
1292 2303 1308 2343 a
1330 2281 1476 2367 collegia

137 2376 257 2449 aiebat,
291 2371 493 2456 rogationem
523 2370 611 2446 tulit,
647 2375 776 2458 utqui
800 2377 934 2459 piebem
964 2377 1159 2438 Romanam
1191 2375 1349 2440 tribunos
1374 2375 1466 2459 plebi

134 2478 295 2554 rogaret,
328 2467 360 2530 55
384 2486 492 2575 usque
517 2488 558 2529 eo
585 2479 729 2549 rogaret
759 2467 840 2530 dum
864 2470 979 2532 decem
1008 2468 1166 2535 tribunos
1189 2469 1281 2551 plebi
1297 2468 1464 2561 formaret

132 2566 183 2643 (ne
206 2562 348 2636 scilieet,
372 2560 398 2623 si
416 2562 517 2623 minus
533 2564 640 2624 decern
663 2554 781 2623 tribuni
803 2561 879 2625 iacti
895 2574 1018 2637 essent,
1043 2561 1063 2625 ir
1056 2562 1138 2625 sibi
1153 2562 1295 2648 collegas
1310 2577 1465 2647 cooptare

131 2662 294 2739 possent3)
309 2655 566 2738 insectandisque
580 2655 744 2737 patribus,
762 2660 844 2720 unde
863 2661 1000 2741 Aspero
1016 2655 1108 2721 etiarn
1126 2656 1259 2721 inditum
1276 2672 1323 2723 est
1341 2681 1466 2745 coguo-

134 2772 223 2828 men,
248 2749 440 2813 tribunatum
465 2750 579 2834 gessit
583 2750 601 2775 '’
635 2750 712 2813 Liv.
735 2749 803 2814 111.
827 2750 881 2815 65.
1291 2770 1296 2775 ·

223 2844 393 2926 „Comitiis
419 2843 620 2907 tribunorum
642 2843 780 2926 plebis(
782 2866 812 2906 a.
837 2865 868 2909 n.
891 2844 982 2927 352.)
1003 2867 1151 2911 uumerus
1178 2846 1300 2932 expleri
1323 2848 1463 2933 nequiit.
1546 2892 1553 2899 -

138 2953 310 3024 pugnatum
329 2939 420 3016 inde,
444 2937 475 3000 in
498 2938 569 3003 lnc'a
592 2959 691 3000 vacua
713 2949 747 3000 ut
769 2937 896 3019 patricii
918 2952 1166 3023 cooptarentur.
1189 2954 1390 3031 postquam
1380 2944 1466 3009 obti-

99 3110 103 3117 ⁸
138 3035 205 3098 neri
230 3055 294 3099 non
313 3043 458 3117 poterat,
490 3044 593 3096 tamen
615 3030 853 3095 labefactandae
879 3034 957 3119 legis
981 3035 1172 3101 Treboniae
1195 3058 1290 3100 causa
1316 3024 1464 3104 effectum

134 3140 199 3205 est,
229 3140 263 3193 ut
287 3138 517 3210 cooptarentur
539 3125 657 3190 tribuni
683 3125 854 3206 piebisC.
876 3129 1033 3193 Lacerius
1058 3140 1088 3193 ct
1114 3131 1166 3195 Μ.
1195 3132 1351 3210 Acutius,
1379 3132 1466 3197 baud

131 3221 227 3287 dubie
249 3221 459 3307 patriciorum
483 3218 633 3304 opibus.”
676 3219 755 3284 Liv.
779 3223 826 3284 V.
852 3224 904 3287 to.
928 3223 972 3288 ci.
996 3247 1027 3288 c.
1052 3226 1091 3287 11
1115 3235 1147 3289 et
1170 3226 1223 3291 12.

437 3392 612 3454 Taenarus
635 3389 676 3453 de
696 3389 885 3474 provinciis
906 3394 1156 3460 consularibus.

216 3533 296 3609 ..M
308 3482 402 3598 'caio
424 3553 494 3595 cum
511 3532 615 3615 legem
631 3530 816 3614 impediret,
840 3555 902 3616 qna
918 3534 1104 3617 provinciae
1124 3537 1333 3602 consulibus
1323 3560 1355 3603 ιιι
1370 3539 1465 3625 qnin-

126 3625 321 3712 quennium,
354 3624 516 3708 Pompeio
543 3623 735 3707 Hispaniae,
770 3624 894 3691 Crasso
917 3629 1030 3709 Syriae
1053 3640 1084 3693 et
1108 3631 1296 3696 Parthicum
1325 3635 1461 3712 bellum,

126 3720 266 3787 Caesari
291 3721 396 3784 Gallia
424 3732 456 3784 et
485 3717 656 3785 Germania
686 3720 861 3798 dabantur,
896 3740 915 3785 a
943 3723 980 3789 C
1007 3723 1181 3790 Trebonio
1206 3725 1336 3791 tribuno
1361 3727 1463 3809 plebis

125 3818 178 3895 (a.
200 3836 235 3879 u.
259 3815 369 3895 595),
402 3814 483 3900 legis
509 3824 661 3890 auctore,
695 3812 876 3877 intinnula
903 3817 1015 3881 ductus
1044 3816 1127 3881 est.''
1170 3819 1249 3885 Lir.
1272 3822 1363 3904 Epit.
1387 3818 1464 3887 CV.

129 3906 239 3974 Cani.
260 3908 342 3975 Dio.
366 3906 461 3975 Cass.
483 3907 656 3983 XXXIX.
679 3906 734 3970 33.
777 3907 945 3977 Plutarch.
971 3907 1056 3976 Cato
1078 3908 1156 3975 min.
1179 3913 1233 3977 tt.
1510 3920 1512 3925 ’

700 4086 901 4150 Tainourou

123 4222 188 4294 Iex
209 4227 326 4293 dicitur
341 4227 541 4312 saepissime,
565 4230 655 4315 qnod
675 4247 785 4293 omnes
807 4226 927 4304 scium,
951 4248 1033 4311 quae
1055 4252 1073 4293 a
1094 4229 1384 4310 tribunoiataes13
1407 4239 1464 4303 sed

123 4324 212 4389 iliad
227 4322 438 4408 neglexerunt
458 4343 587 4397 omnes,
611 4343 695 4407 quos
713 4321 795 4397 vidi,
820 4320 1090 4401 animadvertere,
1114 4325 1335 4392 tribuniciam
1351 4332 1464 4415 legem

125 4416 195 4484 dici
217 4416 313 4481 etiam
335 4438 423 4493 earn,
447 4438 540 4502 quam
557 4415 732 4499 Pompeius
747 4416 820 4480 tulit
840 4418 883 4480 de
904 4416 1053 4481 tribunis
1073 4418 1274 4497 reficiendis
1291 4434 1464 4506 potestate

120 4512 300 4600 pristina,
335 4532 429 4597 qnam
449 4512 488 4576 iis
511 4509 683 4576 Cornelius
708 4510 794 4574 Sulla
821 4513 991 4575 ademerat.
1013 4512 1091 4577 Act.
1114 4514 1143 4578 I.
1166 4515 1198 4575 in
1221 4514 1323 4581 Verr.
1347 4539 1377 4581 5.
1403 4517 1462 4583 155

129 4607 262 4676 Vident
282 4605 395 4670 adbuc
411 4618 494 4690 post
515 4607 619 4689 legem
641 4604 842 4670 tribuniciam
865 4607 972 4690 (quarn
987 4626 1034 4669 sc.
1051 4606 1226 4689 Pompeius
1249 4610 1333 4687 tulit)
1354 4632 1464 4676 unum

126 4713 329 4767 eandorem
349 4703 403 4766 vel
422 4701 663 4766 tenuissimum
681 4720 754 4763 esse
768 4700 984 4765 damnatum.
1029 4700 1081 4765 Sic
1095 4700 1261 4766 iudicium
1275 4704 1463 4770 lunianum

128 4786 446 4881 significare'potest
472 4816 536 4860 nou
561 4794 682 4869 solum,
718 4796 805 4877 quod
830 4793 993 4870 exercnit,
1028 4796 1079 4858 cui
1105 4797 1243 4878 praefuit
1268 4798 1395 4878 lunius,
1431 4811 1464 4863 et
1505 4842 1510 4855 .

130 4889 178 4955 sic
203 4888 306 4989 estin
329 4887 535 4965 Cluentiana3
563 4891 620 4955 sed
645 4886 739 4952 etiarn
764 4891 853 4974 qnod
876 4888 938 4954 tuit
959 4891 999 4955 de
1020 4890 1134 4971 Iunio,
1155 4890 1188 4958 in
1214 4914 1279 4981 quo
1302 4915 1379 4959 reas
1400 4892 1463 4961 ruit
