3214 5586
191 411 253 476 ιιι
565 398 568 406 “
677 390 829 505 lunari
850 417 1032 482 neuun.

282 603 297 633 ,‚
307 560 353 625 001
364 525 540 623 eraclam
555 558 657 643 legem
678 557 768 635 tulit,
794 579 832 622 ne
848 561 886 622 de
905 558 1007 641 eapite
1030 555 1145 620 civium
1165 559 1384 623 Romanorum
1401 557 1512 624 iniussn

195 664 307 715 vestro
328 652 540 716 iudicaretur:
564 654 615 715 hic
637 654 801 735 popularis
824 649 1015 738 (Labienus)
1036 674 1053 714 a
1077 651 1252 715 duumviris
1273 652 1392 716 iniussu
1414 666 1515 718 vestro

195 766 261 810 non
281 744 412 811 iudicari
432 751 471 813 de
493 747 563 831 cive
581 750 747 823 Romano,
770 749 827 810 sed
846 748 963 810 indicta
988 768 1082 810 causa
1099 745 1201 810 civem
1218 747 1396 812 Romanum
1413 748 1518 832 eapitis

195 842 399 906 condemnari
422 842 564 924 αοοηίι.ν
608 862 670 925 pro
693 842 807 905 Rabir.
832 844 868 913 4,
896 841 947 905 12.

281 939 351 1009 „At
373 958 453 1000 vero
477 935 519 1001 C.
544 934 665 1001 Caesar
687 935 834 1019 iutelligit
856 936 960 1021 legem
983 936 1225 1020 Semproniam
1247 957 1318 1000 esse
1345 939 1384 1001 de
1403 935 1520 1001 civibus

196 1029 350 1093 Romanis
377 1030 600 1094 constitutam:
637 1029 690 1114 qui
718 1044 821 1092 autem
848 1031 1070 1112 reipublicae
1098 1029 1139 1093 sit
1166 1030 1289 1106 hostis,
1324 1053 1395 1095 eum
1427 1031 1521 1094 civem

201 1145 270 1188 csse
292 1126 379 1190 nullo
401 1128 497 1189 modo
519 1147 633 1207 posse:
658 1124 793 1208 denique
816 1123 918 1207 ipsum
942 1129 1075 1187 latorem
1094 1123 1175 1207 legis
1196 1126 1421 1211 Semproniae
1442 1125 1522 1189 iussu

123 1246 125 1251 ·
197 1220 308 1304 populi
328 1241 449 1301 poenas
464 1219 512 1283 rei
532 1219 678 1301 publicae
694 1217 915 1301 dependisse.'’
960 1217 1059 1284 Catil.
1076 1218 1141 1283 IV.
1162 1220 1199 1295 5,
1219 1222 1270 1282 1'0.
1292 1218 1521 1295 cf.l.1t,tt.

151 1346 156 1355 J
282 1313 500 1395 „Sententiam
522 1314 639 1377 tulerat
655 1315 852 1389 Gracchus,
869 1324 903 1375 ut
925 1334 963 1375 ne
983 1313 1054 1398 quis
1070 1313 1101 1377 in
1121 1312 1224 1377 civem
1245 1314 1426 1377 Romanum
1445 1311 1523 1394 capi·

197 1407 292 1471 talem
317 1409 501 1474 sententiam
532 1408 684 1475 diceretss'
729 1408 840 1471 Schol.
864 1410 1019 1473 Ambros.
1043 1431 1078 1490 p
1103 1409 1177 1472 370.
1215 1441 1257 1453 —
1297 1409 1416 1491 ,Lege
1437 1409 1523 1471 Sem·

194 1525 240 1588 pr
242 1523 323 1567 onra
342 1502 459 1567 iniussu
475 1504 586 1587 populi
603 1525 667 1567 non
687 1502 802 1567 licebat
821 1524 930 1588 quaeri
923 1504 986 1566 'de
1002 1502 1108 1587 capite
1124 1501 1202 1565 civis
1218 1500 1393 1568 Romanil'
1417 1502 1520 1566 Schol.

199 1600 351 1662 Gronov.
341 1620 407 1680 ..p
432 1598 506 1662 412.
1352 1613 1361 1623 “

286 1688 353 1760 Λιίο
375 1688 497 1778 νόμους
510 1687 680 1811 εἰσέφερε,
703 1688 855 1777 τὸνμὲν,
879 1693 913 1758 ei'
929 1716 1017 1771 τινος
1026 1687 1197 1803 ἄρχοντος
1219 1685 1375 1805 ἀφῄρητο
1397 1685 1455 1772 τὴν
1468 1684 1521 1799 ἂρ·

195 1782 257 1875 χὴν
284 1781 303 1852 ὁ
329 1788 449 1873 δῆμος,
482 1782 547 1899 otiu³
570 1788 673 1855 ἐῶντα
699 1781 804 1879 τούτῳ
833 1780 1035 1894 denre'poe'
1015 1787 1119 1876 αρχῆς
1138 1788 1317 1873 μετουσίαν
1341 1775 1441 1869 εἶναι,
1470 1779 1521 1850 τὸν

198 1876 249 1961 δ’,
282 1883 317 1948 εἴ
332 1906 381 1959 τις
403 1877 511 1991 ἄρχων
532 1877 668 1969 σ’ίιιριτον
690 1856 896 1987 ἐκκεκηρύχοι
916 1881 1069 1962 πολίτην,
1102 1876 1188 1971 κατὰ
1211 1876 1333 1946 τούτου
1355 1879 1460 1969 κρίσιν
1480 1880 1522 1945 dt·

199 1971 301 2043 δόντα
323 2000 368 2068 rap
353 1970 492 2085 δήμω.
541 1971 674 2042 Τούτων
695 1976 759 2041 τῶν
779 1969 889 2060 νόμων
905 1969 1059 2062 ἄντικρυς
1074 1969 1132 2061 ὁμ
1134 1968 1328 2091 ἑνΜρίρκον
1343 1967 1522 2040 Ὀκταούϊον

198 2064 316 2154 ἠτίμου
338 2044 396 2135 τὸν
417 2041 481 2135 ὑιιί)
509 2069 662 2158 Τιβερίου
683 2069 742 2149 τῆς
763 2069 984 2158 δημαρχίας
968 2065 1163 2149 εκιιεσόντα,
1185 2094 1229 2163 τῳ
1214 2064 1326 2136 '‘d’
1307 2070 1443 2156 ενείχετο
1457 2071 1523 2134 Πο-

198 2166 340 2241 ιιιλλιος
363 2152 461 2241 οὗτος
482 2159 547 2250 γὰρ
565 2163 757 2253 στρατηγῶν
772 2159 849 2242 τοὺς
869 2163 1022 2253 Τιβερίου
1037 2165 1156 2257 φίλους
1170 2138 1347 2253 ἐξεκήρυξε
1369 2163 1523 2230 Plutarch.

199 2281 233 2335 υ.
257 2256 299 2323 C.
324 2256 515 2323 Gracchie.
538 2259 571 2321 4.

109 2344 117 2365 '
283 2354 336 2419 De
356 2353 416 2415 hac
441 2352 513 2438 lege
536 2351 683 2417 audiatur
703 2354 749 2420 Ε.
772 2355 818 2419 A.
842 2355 873 2421 Ι.
898 2352 1073 2419 Atreus
1063 2375 1094 2417 ιιι
1116 2355 1268 2419 Ercttrsu
1291 2350 1523 2418 adorationem

202 2445 416 2516 Catilinariam
441 2458 585 2532 quartam
607 2468 642 2531 p.
668 2448 748 2512 2142

284 2540 358 2606 Etsi
375 2541 600 2606 constitueram
618 2542 695 2605 nibil
718 2542 823 2606 dicere
843 2543 882 2606 de
904 2540 978 2626 lege
998 2540 1205 2626 Sempronia,
1230 2545 1269 2606 de
1290 2566 1356 2626 qua
1375 2532 1522 2625 satis'pu·

201 2639 305 2700 tabam
337 2635 566 2719 disputatuma
594 2626 763 2713 Manutio,
786 2634 875 2701 *Ant.
906 2637 1109 2721 Augustino,
1142 2639 1354 2715 Hotomano,
1386 2636 1521 2722 sigonio,

199 2729 369 2805 Ernestio,
396 2730 587 2805 Hauboldo,
612 2743 797 2797 tamennon
818 2731 878 2794 erit
901 2731 1001 2793 aliena
1018 2729 1190 2814 disputatio
1210 2742 1243 2793 et
1265 2731 1412 2813 perutilis
1431 2730 1520 2794 ratio·

199 2826 290 2888 nibus
312 2823 414 2888 meis.
445 2828 496 2888 Ac
518 2824 645 2887 difficile
662 2836 725 2900 est,
751 2846 817 2888 rem
842 2836 958 2887 tantam
980 2837 1107 2911 tamque
1128 2824 1330 2908 praeclaram
1353 2827 1519 2890 inchoatam

199 2918 394 3003 relinquere.
439 2917 502 2981 Sed
525 2930 559 2980 ut
581 2918 689 2981 verius
708 2919 813 2982 statim
836 2922 900 2984 hoc
922 2920 1054 2984 introitu
1073 2921 1267 2994 disseratur,
1291 2920 1357 2985 ianr
1386 2918 1519 2984 conside·

199 3034 322 3090 remus,
347 3032 411 3097 quo
436 3009 479 3078 C.
503 3012 670 3076 Gracchus
694 3012 829 3078 consilio
853 3014 955 3098 legem
979 3014 1100 3077 tulerit.
1145 3015 1216 3078 Nec
1231 3016 1372 3078 obscura
1388 3010 1520 3100 qttaestIo

201 3119 261 3173 est.
307 3106 441 3171 Tiberio
470 3105 572 3170 fratre
602 3104 673 3173 Caii
694 3107 808 3170 beciso
839 3109 880 3173 P.
904 3107 1049 3190 Popilius
1076 3109 1202 3172 Laenas
1224 3113 1340 3185 consul
1363 3106 1520 3173 crudeliter

200 3200 312 3268 saeviit
327 3201 357 3263 in
373 3199 494 3264 amicos
509 3200 682 3283 sociosque
702 3199 865 3266 seditionis
881 3203 1102 3277 Gracchanae,
1120 3202 1189 3266 aliis
1204 3202 1234 3265 in
1251 3202 1383 3267 exilium
1399 3197 1520 3271 exactis,

200 3294 362 3381 praesenti
389 3307 493 3360 morte
515 3294 638 3359 affectis
662 3295 743 3358 aliis.
800 3296 875 3377 Quo
899 3296 931 3359 id
953 3299 991 3361 ad
1013 3296 1153 3380 speciem
1180 3297 1252 3360 iusti
1274 3297 1386 3361 iudicii
1409 3293 1521 3360 facilius

201 3391 359 3465 efficeret,
393 3400 520 3452 senatus
550 3388 740 3453 auctoritate
766 3411 806 3452 ex
839 3388 916 3473 ipsis
946 3391 1147 3456 senatoribus
1177 3390 1278 3477 iisque
1309 3390 1444 3455 inimicis
1475 3384 1522 3449 Ti.

203 3485 342 3550 Gracchi
365 3482 474 3566 coegit
502 3483 638 3560 indices,
672 3484 726 3567 qni
750 3505 876 3561 omnes,
913 3483 1014 3549 sicubi
1039 3484 1178 3569 suspicio
1203 3487 1318 3569 culpae
1348 3491 1520 3571 appareret,

201 3579 315 3662 cupide
337 3579 536 3641 damnabant.
582 3578 644 3641 Sed
669 3578 731 3640 alta
756 3590 860 3643 mente
882 3577 924 3644 C
949 3579 1090 3643 Gracchi
1111 3580 1252 3644 consulis
1275 3579 1397 3643 resedit
1420 3577 1521 3640 crude·

200 3674 285 3740 litas.
317 3673 420 3754 Quam
440 3683 474 3734 ut
488 3671 696 3736 ulcssceretur
704 3672 835 3756 ,legem
852 3673 998 3737 tribunus
1017 3673 1253 3759 promulgavit,
1272 3694 1312 3736 ne
1330 3696 1399 3758 qim
1414 3686 1521 3735 ισιιιιιιι

200 3769 312 3855 populi
328 3772 367 3831 de
390 3765 495 3847 capite
510 3765 590 3831 civis
606 3766 745 3831 Romani
764 3767 937 3845 iudicaret,
963 3790 1095 3851 eamque
1111 3773 1216 3852 legem
1237 3766 1416 3835 incredibili
1430 3758 1520 3848 plebis

201 3864 306 3929 studio
328 3861 474 3946 pertulit.
528 3860 689 3931 Sententia
712 3883 791 3926 vero
815 3864 895 3925 haec
916 3862 993 3926 luit·
1034 3865 1082 3926 Ne
1109 3862 1180 3947 qutis
1202 3875 1284 3925 esset
1311 3860 1517 3968 magistratus,

202 3958 256 4043 qui
279 3956 401 4021 iniussu
423 3955 534 4038 populi
554 3955 702 4019 iudicium
719 3968 870 4040 cogeret,
895 3979 959 4040 quo
980 3956 1010 4018 in
1032 3955 1148 4020 iudicio
1168 3957 1207 4020 de
1227 3956 1333 4038 capite
1353 3954 1429 4019 rivis
1449 3948 1519 4015 iudi·

204 4065 347 4116 caretur.
372 4049 567 4131 sicquidem
585 4049 702 4115 Cicero
719 4062 750 4114 et
767 4052 957 4114 Plutarchus
974 4062 1122 4115 auctores
1137 4062 1210 4115 sunt
1228 4066 1259 4114 et
1275 4064 1407 4116 eventus
1422 4051 1518 4111 docet.

203 4148 286 4212 Nam
316 4146 464 4229 Popilius
490 4157 603 4209 eontra
632 4166 667 4208 se
697 4145 789 4209 latam
812 4147 867 4232 leg
847 4168 917 4209 vem
947 4134 1129 4230 intelligens
1156 4149 1325 4229 desperata
1349 4146 1445 4209 salute
1472 4155 1520 4201 sua

205 4242 349 4305 diffidens
372 4239 487 4323 opibus
509 4242 682 4303 amicorum
703 4240 807 4304 solum
830 4241 944 4319 uertit,
969 4253 1019 4316 et,
1043 4241 1177 4303 sirecte
1201 4241 1345 4315 memini,
1376 4260 1415 4301 ex
1438 4228 1521 4298 ltalia

205 4336 302 4427 sugit.
348 4335 485 4399 Praeter
506 4356 598 4418 quem
615 4355 679 4397 uon
700 4333 828 4399 invenio
851 4336 945 4398 aliurn
968 4356 1037 4399 esse
1059 4336 1242 4419 expulsum,
1265 4337 1352 4419 qttod
1371 4353 1398 4396 st
1388 4331 1520 4394 'sactum

206 4441 308 4506 esset,
333 4426 375 4494 C.
394 4428 543 4503 Laelius,
568 4449 622 4513 qut
637 4448 763 4509 sapiens
779 4427 881 4491 dictus
897 4441 963 4505 est,
988 4451 1051 4494 non
1068 4430 1233 4516 ell'ugisset
1251 4428 1416 4499 iudicium;
1438 4432 1521 4504 atque

206 4527 249 4592 C.
261 4523 440 4595 Gracchus
466 4523 603 4587 fortasse
632 4533 801 4589 contentus
824 4536 940 4589 exacto
963 4524 1109 4608 principe
1132 4524 1328 4589 crudelitatis
1351 4519 1442 4584 aliurn
1463 4531 1519 4577 nott

205 4618 379 4686 incessivit.

294 4714 365 4778 lana
385 4710 523 4797 quidque
543 4709 722 4789 videamus,
747 4712 840 4796 quale
854 4711 912 4791 sit,
938 4717 1025 4799 quod
1042 4736 1081 4778 ox
1098 4714 1156 4823 iis,
1181 4735 1260 4799 quae
1279 4710 1430 4783 diximus,
1452 4720 1520 4766 cot·

208 4806 677 4895 sequatur.Primnmlex1n
694 4806 855 4889 Popilium
872 4808 934 4872 lata
954 4809 1069 4873 nullius
1086 4809 1145 4873 nisi
1164 4810 1409 4894 magistratuum
1424 4807 1524 4884 potet·

208 4905 284 4973 tiam
305 4900 574 4984 circumscripsit3
604 4922 642 4966 ac
662 4903 701 4966 de
723 4901 850 4986 privato
876 4903 954 4968 nihil
980 4916 1106 4968 cautum
1131 4914 1198 4979 est,
1222 4907 1315 4989 quod
1337 4898 1364 4963 t's
1386 4888 1519 4961 iudicium
