<?xml version="1.0" encoding="UTF-8"?>
<!DOCTYPE html PUBLIC "-//W3C//DTD XHTML 1.0 Transitional//EN"
    "http://www.w3.org/TR/xhtml1/DTD/xhtml1-transitional.dtd">
<html xmlns="http://www.w3.org/1999/xhtml" xml:lang="en" lang="en">
 <head>
  <title>
</title>
<meta http-equiv="Content-Type" content="text/html;charset=utf-8" />
  <meta name='ocr-system' content='tesseract 3.04.00' />
  <meta name='ocr-capabilities' content='ocr_page ocr_carea ocr_par ocr_line ocrx_word'/>
</head>
<body>
  <div class='ocr_page' id='page_1' title='image "./mtulliiciceroni01fabrgoog_0409.png"; bbox 0 0 3490 5586; ppageno 0'>
   <div class='ocr_carea' id='block_1_1' title="bbox 376 318 1302 439">
    <p class='ocr_par' dir='ltr' id='par_1_1' title="bbox 376 318 1302 439">
     <span class='ocr_line' id='line_1_1' title="bbox 376 318 1302 439; baseline -0.006 -6"><span class='ocrx_word' id='word_1_1' title='bbox 376 370 439 434; x_wconf 79' lang='lat' dir='ltr'><strong>aar</strong></span> <span class='ocrx_word' id='word_1_2' title='bbox 498 318 507 331; x_wconf 66' lang='grc'><em>’</em></span> <span class='ocrx_word' id='word_1_3' title='bbox 778 364 927 433; x_wconf 79' lang='lat' dir='ltr'><strong>munx</strong></span> <span class='ocrx_word' id='word_1_4' title='bbox 949 362 1302 439; x_wconf 78' lang='lat' dir='ltr'><strong>ronmunanuu.</strong></span> 
     </span>
    </p>
   </div>
   <div class='ocr_carea' id='block_1_2' title="bbox 310 501 1679 3313">
    <p class='ocr_par' dir='ltr' id='par_1_2' title="bbox 380 501 1652 687">
     <span class='ocr_line' id='line_1_2' title="bbox 459 501 1652 590; baseline -0.003 -16"><span class='ocrx_word' id='word_1_5' title='bbox 459 505 656 575; x_wconf 88' lang='lat' dir='ltr'><strong>Dominus</strong></span> <span class='ocrx_word' id='word_1_6' title='bbox 677 506 838 571; x_wconf 87' lang='lat' dir='ltr'><strong>luneris</strong></span> <span class='ocrx_word' id='word_1_7' title='bbox 861 517 995 573; x_wconf 77' lang='lat' dir='ltr'><strong>utatur</strong></span> <span class='ocrx_word' id='word_1_8' title='bbox 1016 526 1194 571; x_wconf 87' lang='lat' dir='ltr'><strong>accenso</strong></span> <span class='ocrx_word' id='word_1_9' title='bbox 1212 515 1331 590; x_wconf 85' lang='lat' dir='ltr'><strong>atque</strong></span> <span class='ocrx_word' id='word_1_10' title='bbox 1354 501 1563 569; x_wconf 81' lang='lat' dir='ltr'><strong>lictoribus</strong></span> <span class='ocrx_word' id='word_1_11' title='bbox 1580 504 1652 587; x_wconf 73' lang='lat' dir='ltr'><strong>(llll.</strong></span> 
     </span>
     <span class='ocr_line' id='line_1_3' title="bbox 380 597 1089 687; baseline -0.006 -20"><span class='ocrx_word' id='word_1_12' title='bbox 380 603 574 669; x_wconf 77' lang='lat' dir='ltr'>Tabularum</span> <span class='ocrx_word' id='word_1_13' title='bbox 596 597 678 687; x_wconf 82' lang='lat' dir='ltr'><strong>lex.)</strong></span> <span class='ocrx_word' id='word_1_14' title='bbox 699 602 737 665; x_wconf 89' lang='lat' dir='ltr'><strong>de</strong></span> <span class='ocrx_word' id='word_1_15' title='bbox 759 602 868 686; x_wconf 86' lang='lat' dir='ltr'><strong>Legg.</strong></span> <span class='ocrx_word' id='word_1_16' title='bbox 893 601 929 677; x_wconf 91' lang='grc'><strong>2,</strong></span> <span class='ocrx_word' id='word_1_17' title='bbox 953 602 1011 676; x_wconf 83' lang='grc'><strong>21,</strong></span> <span class='ocrx_word' id='word_1_18' title='bbox 1036 600 1089 664; x_wconf 99' lang='grc'><strong>61.</strong></span> 
     </span>
    </p>

    <p class='ocr_par' dir='ltr' id='par_1_3' title="bbox 379 690 1652 872">
     <span class='ocr_line' id='line_1_4' title="bbox 459 690 1652 778; baseline -0.002 -19"><span class='ocrx_word' id='word_1_19' title='bbox 459 696 622 760; x_wconf 83' lang='grc' dir='ltr'>Βοιιιιιιιι</span> <span class='ocrx_word' id='word_1_20' title='bbox 653 717 769 758; x_wconf 89' lang='lat' dir='ltr'><strong>meam</strong></span> <span class='ocrx_word' id='word_1_21' title='bbox 800 694 952 759; x_wconf 89' lang='lat' dir='ltr'><strong>iudicio</strong></span> <span class='ocrx_word' id='word_1_22' title='bbox 979 692 1227 777; x_wconf 81' lang='lat' dir='ltr'><strong>pontificum</strong></span> <span class='ocrx_word' id='word_1_23' title='bbox 1255 690 1463 778; x_wconf 75' lang='lat' dir='ltr'>religione</span> <span class='ocrx_word' id='word_1_24' title='bbox 1485 692 1652 757; x_wconf 76' lang='lat' dir='ltr'><strong>liberatae</strong></span> 
     </span>
     <span class='ocr_line' id='line_1_5' title="bbox 379 789 1020 872; baseline -0.002 -19"><span class='ocrx_word' id='word_1_25' title='bbox 379 789 524 854; x_wconf 87' lang='lat' dir='ltr'><strong>videri.</strong></span> <span class='ocrx_word' id='word_1_26' title='bbox 547 792 585 853; x_wconf 88' lang='lat' dir='ltr'><strong>de</strong></span> <span class='ocrx_word' id='word_1_27' title='bbox 608 791 754 872; x_wconf 84' lang='lat' dir='ltr'><strong>Harusp.</strong></span> <span class='ocrx_word' id='word_1_28' title='bbox 778 789 881 871; x_wconf 88' lang='lat' dir='ltr'><strong>Resp.</strong></span> <span class='ocrx_word' id='word_1_29' title='bbox 906 790 941 867; x_wconf 91' lang='grc'><strong>7,</strong></span> <span class='ocrx_word' id='word_1_30' title='bbox 968 790 1020 853; x_wconf 94' lang='grc'><strong>13.</strong></span> 
     </span>
    </p>

    <p class='ocr_par' dir='ltr' id='par_1_4' title="bbox 460 880 1534 966">
     <span class='ocr_line' id='line_1_6' title="bbox 460 880 1534 966; baseline -0.003 -19"><span class='ocrx_word' id='word_1_31' title='bbox 460 883 625 947; x_wconf 84' lang='grc' dir='ltr'>Βοιιιιιιιι</span> <span class='ocrx_word' id='word_1_32' title='bbox 648 882 937 966; x_wconf 73' lang='lat' dir='ltr'>(pestilentem)</span> <span class='ocrx_word' id='word_1_33' title='bbox 960 885 1105 947; x_wconf 87' lang='lat' dir='ltr'><strong>vendo.</strong></span> <span class='ocrx_word' id='word_1_34' title='bbox 1127 884 1165 946; x_wconf 91' lang='lat' dir='ltr'><strong>de</strong></span> <span class='ocrx_word' id='word_1_35' title='bbox 1189 880 1292 947; x_wconf 82' lang='lat' dir='ltr'><strong>offic.</strong></span> <span class='ocrx_word' id='word_1_36' title='bbox 1314 881 1380 945; x_wconf 94' lang='lat' dir='ltr'><strong>lll.</strong></span> <span class='ocrx_word' id='word_1_37' title='bbox 1405 882 1462 956; x_wconf 87' lang='grc'><strong>13,</strong></span> <span class='ocrx_word' id='word_1_38' title='bbox 1484 882 1534 945; x_wconf 97' lang='grc'><strong>55.</strong></span> 
     </span>
    </p>

    <p class='ocr_par' dir='ltr' id='par_1_5' title="bbox 310 974 1654 1432">
     <span class='ocr_line' id='line_1_7' title="bbox 461 974 1654 1061; baseline -0.003 -18"><span class='ocrx_word' id='word_1_39' title='bbox 461 978 706 1043; x_wconf 86' lang='lat' dir='ltr'><strong>Donationis</strong></span> <span class='ocrx_word' id='word_1_40' title='bbox 728 977 848 1061; x_wconf 84' lang='lat' dir='ltr'><strong>praes</strong></span> <span class='ocrx_word' id='word_1_41' title='bbox 853 976 948 1043; x_wconf 91' lang='lat' dir='ltr'><strong>atio.</strong></span> <span class='ocrx_word' id='word_1_42' title='bbox 990 979 1096 1041; x_wconf 91' lang='lat' dir='ltr'><strong>Vetus</strong></span> <span class='ocrx_word' id='word_1_43' title='bbox 1123 986 1172 1041; x_wconf 81' lang='lat' dir='ltr'><strong>eat</strong></span> <span class='ocrx_word' id='word_1_44' title='bbox 1196 987 1291 1059; x_wconf 87' lang='lat' dir='ltr'><strong>atque</strong></span> <span class='ocrx_word' id='word_1_45' title='bbox 1316 974 1515 1058; x_wconf 89' lang='lat' dir='ltr'><strong>imperatoria</strong></span> <span class='ocrx_word' id='word_1_46' title='bbox 1535 974 1654 1058; x_wconf 81' lang='lat' dir='ltr'><strong>praelatio</strong></span> 
     </span>
     <span class='ocr_line' id='line_1_8' title="bbox 310 1070 1654 1163; baseline -0.004 -27"><span class='ocrx_word' id='word_1_47' title='bbox 310 1072 315 1083; x_wconf 83' lang='grc'><strong>“</strong></span> <span class='ocrx_word' id='word_1_48' title='bbox 377 1072 564 1163; x_wconf 78' lang='lat' dir='ltr'><strong>donationis¹</strong></span> <span class='ocrx_word' id='word_1_49' title='bbox 584 1071 629 1151; x_wconf 89' lang='lat' dir='ltr'><strong>(in</strong></span> <span class='ocrx_word' id='word_1_50' title='bbox 648 1073 801 1138; x_wconf 87' lang='lat' dir='ltr'><strong>contione</strong></span> <span class='ocrx_word' id='word_1_51' title='bbox 824 1071 951 1162; x_wconf 76' lang='lat' dir='ltr'><strong>militari</strong></span> <span class='ocrx_word' id='word_1_52' title='bbox 974 1091 1183 1155; x_wconf 82' lang='lat' dir='ltr'><strong>coronarum,</strong></span> <span class='ocrx_word' id='word_1_53' title='bbox 1208 1070 1431 1152; x_wconf 82' lang='lat' dir='ltr'><strong>phalerarum,</strong></span> <span class='ocrx_word' id='word_1_54' title='bbox 1454 1070 1597 1137; x_wconf 88' lang='lat' dir='ltr'><strong>hastarum</strong></span> <span class='ocrx_word' id='word_1_55' title='bbox 1616 1091 1654 1152; x_wconf 89' lang='lat' dir='ltr'><strong>pu·</strong></span> 
     </span>
     <span class='ocr_line' id='line_1_9' title="bbox 376 1163 1654 1250; baseline -0.001 -22"><span class='ocrx_word' id='word_1_56' title='bbox 376 1187 482 1228; x_wconf 78' lang='lat' dir='ltr'><strong>rar-tun</strong></span> <span class='ocrx_word' id='word_1_57' title='bbox 503 1166 602 1246; x_wconf 87' lang='lat' dir='ltr'><strong>eet.):</strong></span> <span class='ocrx_word' id='word_1_58' title='bbox 640 1166 889 1250; x_wconf 84' lang='lat' dir='ltr'><strong>Quandoque</strong></span> <span class='ocrx_word' id='word_1_59' title='bbox 918 1175 959 1227; x_wconf 91' lang='lat' dir='ltr'><strong>tu</strong></span> <span class='ocrx_word' id='word_1_60' title='bbox 986 1164 1081 1250; x_wconf 86' lang='lat' dir='ltr'><strong>quid</strong></span> <span class='ocrx_word' id='word_1_61' title='bbox 1108 1164 1145 1227; x_wconf 92' lang='lat' dir='ltr'><strong>in</strong></span> <span class='ocrx_word' id='word_1_62' title='bbox 1168 1164 1348 1248; x_wconf 86' lang='lat' dir='ltr'><strong>proelio,</strong></span> <span class='ocrx_word' id='word_1_63' title='bbox 1382 1163 1562 1237; x_wconf 84' lang='lat' dir='ltr'><strong>inbelle,</strong></span> <span class='ocrx_word' id='word_1_64' title='bbox 1586 1163 1654 1229; x_wconf 85' lang='lat' dir='ltr'><strong>irre</strong></span> 
     </span>
     <span class='ocr_line' id='line_1_10' title="bbox 377 1257 1653 1345; baseline -0.003 -20"><span class='ocrx_word' id='word_1_65' title='bbox 377 1258 539 1325; x_wconf 84' lang='lat' dir='ltr'><strong>militari</strong></span> <span class='ocrx_word' id='word_1_66' title='bbox 572 1261 716 1341; x_wconf 79' lang='lat' dir='ltr'><strong>(fortiter</strong></span> <span class='ocrx_word' id='word_1_67' title='bbox 749 1258 874 1335; x_wconf 75' lang='lat' dir='ltr'><strong>fecisti,</strong></span> <span class='ocrx_word' id='word_1_68' title='bbox 908 1258 1041 1343; x_wconf 83' lang='lat' dir='ltr'><strong>egregie</strong></span> <span class='ocrx_word' id='word_1_69' title='bbox 1070 1257 1230 1345; x_wconf 84' lang='lat' dir='ltr'><strong>gessisti),</strong></span> <span class='ocrx_word' id='word_1_70' title='bbox 1261 1270 1302 1323; x_wconf 92' lang='lat' dir='ltr'><strong>te</strong></span> <span class='ocrx_word' id='word_1_71' title='bbox 1333 1258 1394 1323; x_wconf 80' lang='lat' dir='ltr'><strong>lais</strong></span> <span class='ocrx_word' id='word_1_72' title='bbox 1425 1257 1594 1342; x_wconf 85' lang='lat' dir='ltr'><strong>phaleris</strong></span> <span class='ocrx_word' id='word_1_73' title='bbox 1614 1271 1653 1321; x_wconf 82' lang='lat' dir='ltr'><strong>cet.</strong></span> 
     </span>
     <span class='ocr_line' id='line_1_11' title="bbox 379 1353 1012 1432; baseline 0 -15"><span class='ocrx_word' id='word_1_74' title='bbox 379 1356 495 1420; x_wconf 90' lang='lat' dir='ltr'><strong>dono.</strong></span> <span class='ocrx_word' id='word_1_75' title='bbox 519 1354 621 1417; x_wconf 87' lang='lat' dir='ltr'><strong>Verr.</strong></span> <span class='ocrx_word' id='word_1_76' title='bbox 645 1356 767 1420; x_wconf 79' lang='lat' dir='ltr'><strong>Aeetas.</strong></span> <span class='ocrx_word' id='word_1_77' title='bbox 791 1355 829 1432; x_wconf 89' lang='grc'><strong>3,</strong></span> <span class='ocrx_word' id='word_1_78' title='bbox 853 1354 911 1432; x_wconf 89' lang='grc'><strong>80,</strong></span> <span class='ocrx_word' id='word_1_79' title='bbox 937 1353 1012 1417; x_wconf 91' lang='grc'><strong>187.</strong></span> 
     </span>
    </p>

    <p class='ocr_par' dir='ltr' id='par_1_6' title="bbox 462 1446 1215 1537">
     <span class='ocr_line' id='line_1_12' title="bbox 462 1446 1215 1537; baseline 0 -26"><span class='ocrx_word' id='word_1_80' title='bbox 462 1447 557 1513; x_wconf 87' lang='lat' dir='ltr'><strong>Dos.</strong></span> <span class='ocrx_word' id='word_1_81' title='bbox 602 1448 688 1512; x_wconf 84' lang='lat' dir='ltr'><strong>Vide</strong></span> <span class='ocrx_word' id='word_1_82' title='bbox 717 1450 762 1512; x_wconf 92' lang='lat' dir='ltr'><strong>ln</strong></span> <span class='ocrx_word' id='word_1_83' title='bbox 793 1470 944 1511; x_wconf 86' lang='lat' dir='ltr'><strong>rnanrrm</strong></span> <span class='ocrx_word' id='word_1_84' title='bbox 967 1446 1215 1537; x_wconf 85' lang='lat' dir='ltr'><strong>conventio.</strong></span> 
     </span>
    </p>

    <p class='ocr_par' dir='ltr' id='par_1_7' title="bbox 379 1540 1679 1813">
     <span class='ocr_line' id='line_1_13' title="bbox 462 1540 1654 1613; baseline -0.001 -9"><span class='ocrx_word' id='word_1_85' title='bbox 462 1540 607 1605; x_wconf 87' lang='lat' dir='ltr'><strong>Dotem</strong></span> <span class='ocrx_word' id='word_1_86' title='bbox 641 1542 789 1607; x_wconf 87' lang='lat' dir='ltr'><strong>dicere.</strong></span> <span class='ocrx_word' id='word_1_87' title='bbox 835 1545 940 1607; x_wconf 83' lang='lat' dir='ltr'><strong>Nemo</strong></span> <span class='ocrx_word' id='word_1_88' title='bbox 971 1544 1103 1605; x_wconf 78' lang='lat' dir='ltr'><strong>auderet</strong></span> <span class='ocrx_word' id='word_1_89' title='bbox 1132 1540 1273 1606; x_wconf 89' lang='lat' dir='ltr'><strong>iudicare</strong></span> <span class='ocrx_word' id='word_1_90' title='bbox 1305 1542 1418 1608; x_wconf 89' lang='lat' dir='ltr'><strong>deberi</strong></span> <span class='ocrx_word' id='word_1_91' title='bbox 1449 1542 1519 1608; x_wconf 79' lang='lat' dir='ltr'><strong>viro</strong></span> <span class='ocrx_word' id='word_1_92' title='bbox 1546 1544 1654 1613; x_wconf 82' lang='lat' dir='ltr'><strong>doten,</strong></span> 
     </span>
     <span class='ocr_line' id='line_1_14' title="bbox 384 1634 1656 1720; baseline -0.002 -21"><span class='ocrx_word' id='word_1_93' title='bbox 384 1657 476 1720; x_wconf 79' lang='lat' dir='ltr'><strong>quam</strong></span> <span class='ocrx_word' id='word_1_94' title='bbox 499 1636 619 1700; x_wconf 68' lang='lat' dir='ltr'><strong>mulier.</strong></span> <span class='ocrx_word' id='word_1_95' title='bbox 640 1637 729 1701; x_wconf 89' lang='lat' dir='ltr'><strong>nullo</strong></span> <span class='ocrx_word' id='word_1_96' title='bbox 753 1648 886 1700; x_wconf 88' lang='lat' dir='ltr'><strong>auctore</strong></span> <span class='ocrx_word' id='word_1_97' title='bbox 914 1635 1103 1699; x_wconf 82' lang='lat' dir='ltr'><strong>dixisset.</strong></span> <span class='ocrx_word' id='word_1_98' title='bbox 1140 1658 1201 1719; x_wconf 90' lang='lat' dir='ltr'><strong>pro</strong></span> <span class='ocrx_word' id='word_1_99' title='bbox 1225 1635 1362 1701; x_wconf 85' lang='lat' dir='ltr'><strong>Caecina</strong></span> <span class='ocrx_word' id='word_1_100' title='bbox 1387 1638 1444 1714; x_wconf 88' lang='grc'><strong>25,</strong></span> <span class='ocrx_word' id='word_1_101' title='bbox 1468 1638 1520 1700; x_wconf 92' lang='grc'><strong>73.</strong></span> <span class='ocrx_word' id='word_1_102' title='bbox 1540 1671 1573 1684; x_wconf 89' lang='grc'><strong>-</strong></span> <span class='ocrx_word' id='word_1_103' title='bbox 1593 1634 1656 1702; x_wconf 88' lang='lat' dir='ltr'><strong>Doti</strong></span> 
     </span>
     <span class='ocr_line' id='line_1_15' title="bbox 379 1728 1679 1813; baseline 0.002 -20"><span class='ocrx_word' id='word_1_104' title='bbox 379 1728 510 1793; x_wconf 84' lang='lat' dir='ltr'><strong>Valeria</strong></span> <span class='ocrx_word' id='word_1_105' title='bbox 532 1733 697 1813; x_wconf 87' lang='lat' dir='ltr'><strong>pecuniam</strong></span> <span class='ocrx_word' id='word_1_106' title='bbox 721 1751 845 1795; x_wconf 83' lang='lat' dir='ltr'><strong>omnem</strong></span> <span class='ocrx_word' id='word_1_107' title='bbox 869 1750 955 1793; x_wconf 88' lang='lat' dir='ltr'><strong>suam</strong></span> <span class='ocrx_word' id='word_1_108' title='bbox 979 1728 1150 1794; x_wconf 82' lang='lat' dir='ltr'><strong>dixerat.</strong></span> <span class='ocrx_word' id='word_1_109' title='bbox 1172 1751 1235 1813; x_wconf 94' lang='lat' dir='ltr'><strong>pro</strong></span> <span class='ocrx_word' id='word_1_110' title='bbox 1257 1732 1379 1795; x_wconf 89' lang='lat' dir='ltr'><strong>Flacco</strong></span> <span class='ocrx_word' id='word_1_111' title='bbox 1402 1732 1460 1807; x_wconf 83' lang='lat'><strong>35,</strong></span> <span class='ocrx_word' id='word_1_112' title='bbox 1484 1732 1536 1797; x_wconf 92' lang='grc'><strong>86.</strong></span> <span class='ocrx_word' id='word_1_113' title='bbox 1678 1770 1679 1807; x_wconf 68' lang='grc'><strong>,</strong></span> 
     </span>
    </p>

    <p class='ocr_par' dir='ltr' id='par_1_8' title="bbox 465 1822 1656 1907">
     <span class='ocr_line' id='line_1_16' title="bbox 465 1822 1656 1907; baseline -0.004 -20"><span class='ocrx_word' id='word_1_114' title='bbox 465 1825 623 1899; x_wconf 81' lang='lat' dir='ltr'><strong>Ducere</strong></span> <span class='ocrx_word' id='word_1_115' title='bbox 653 1824 895 1889; x_wconf 87' lang='lat' dir='ltr'><strong>centesimas</strong></span> <span class='ocrx_word' id='word_1_116' title='bbox 923 1836 1129 1907; x_wconf 87' lang='lat' dir='ltr'><strong>perpetuo</strong></span> <span class='ocrx_word' id='word_1_117' title='bbox 1158 1822 1317 1890; x_wconf 88' lang='lat' dir='ltr'><strong>fenore.</strong></span> <span class='ocrx_word' id='word_1_118' title='bbox 1353 1827 1394 1888; x_wconf 90' lang='lat' dir='ltr'><strong>ad</strong></span> <span class='ocrx_word' id='word_1_119' title='bbox 1415 1826 1486 1889; x_wconf 84' lang='lat' dir='ltr'><strong>Att.</strong></span> <span class='ocrx_word' id='word_1_120' title='bbox 1509 1828 1544 1903; x_wconf 89' lang='grc'><strong>5,</strong></span> <span class='ocrx_word' id='word_1_121' title='bbox 1564 1826 1610 1901; x_wconf 89' lang='grc'><strong>21,</strong></span> <span class='ocrx_word' id='word_1_122' title='bbox 1627 1822 1656 1884; x_wconf 86' lang='grc'><strong>13.</strong></span> 
     </span>
    </p>

    <p class='ocr_par' dir='ltr' id='par_1_9' title="bbox 379 1900 1679 2286">
     <span class='ocr_line' id='line_1_17' title="bbox 463 1900 1679 2001; baseline 0.004 -18"><span class='ocrx_word' id='word_1_123' title='bbox 463 1919 623 1999; x_wconf 82' lang='lat' dir='ltr'><strong>Ducere</strong></span> <span class='ocrx_word' id='word_1_124' title='bbox 645 1918 690 1997; x_wconf 87' lang='lat' dir='ltr'><strong>(in</strong></span> <span class='ocrx_word' id='word_1_125' title='bbox 706 1918 857 1997; x_wconf 82' lang='lat' dir='ltr'><strong>rinorrla).</strong></span> <span class='ocrx_word' id='word_1_126' title='bbox 883 1917 1044 2000; x_wconf 85' lang='lat' dir='ltr'><strong>Quisquis</strong></span> <span class='ocrx_word' id='word_1_127' title='bbox 1060 1931 1129 1982; x_wconf 88' lang='lat' dir='ltr'><strong>erat</strong></span> <span class='ocrx_word' id='word_1_128' title='bbox 1144 1922 1314 1985; x_wconf 87' lang='lat' dir='ltr'><strong>eductus</strong></span> <span class='ocrx_word' id='word_1_129' title='bbox 1328 1931 1460 1985; x_wconf 87' lang='lat' dir='ltr'><strong>senator</strong></span> <span class='ocrx_word' id='word_1_130' title='bbox 1473 1921 1655 2001; x_wconf 74' lang='lat' dir='ltr'><strong>syracono</strong></span> <span class='ocrx_word' id='word_1_131' title='bbox 1676 1900 1679 1995; x_wconf 86' lang='grc'><strong>1</strong></span> 
     </span>
     <span class='ocr_line' id='line_1_18' title="bbox 380 2012 1655 2096; baseline -0.005 -19"><span class='ocrx_word' id='word_1_132' title='bbox 380 2013 473 2079; x_wconf 92' lang='lat' dir='ltr'><strong>duei</strong></span> <span class='ocrx_word' id='word_1_133' title='bbox 501 2014 628 2079; x_wconf 85' lang='lat' dir='ltr'><strong>iubebat</strong></span> <span class='ocrx_word' id='word_1_134' title='bbox 649 2014 786 2078; x_wconf 89' lang='lat' dir='ltr'><strong>Verres.</strong></span> <span class='ocrx_word' id='word_1_135' title='bbox 824 2012 926 2075; x_wconf 90' lang='lat' dir='ltr'><strong>Verr.</strong></span> <span class='ocrx_word' id='word_1_136' title='bbox 950 2012 1070 2077; x_wconf 81' lang='lat' dir='ltr'><strong>Aecus.</strong></span> <span class='ocrx_word' id='word_1_137' title='bbox 1095 2012 1130 2089; x_wconf 90' lang='grc'><strong>2,</strong></span> <span class='ocrx_word' id='word_1_138' title='bbox 1156 2013 1220 2086; x_wconf 90' lang='grc'><strong>26,</strong></span> <span class='ocrx_word' id='word_1_139' title='bbox 1242 2012 1296 2076; x_wconf 88' lang='grc'><strong>63.</strong></span> <span class='ocrx_word' id='word_1_140' title='bbox 1327 2048 1369 2060; x_wconf 97' lang='grc'>-</span> <span class='ocrx_word' id='word_1_141' title='bbox 1403 2015 1469 2096; x_wconf 87' lang='lat' dir='ltr'><strong>Qui</strong></span> <span class='ocrx_word' id='word_1_142' title='bbox 1488 2014 1655 2088; x_wconf 81' lang='lat' dir='ltr'><strong>timeam,rt</strong></span> 
     </span>
     <span class='ocr_line' id='line_1_19' title="bbox 379 2100 1679 2191; baseline -0.002 -22"><span class='ocrx_word' id='word_1_143' title='bbox 379 2105 456 2170; x_wconf 88' lang='lat' dir='ltr'><strong>mihi</strong></span> <span class='ocrx_word' id='word_1_144' title='bbox 478 2105 511 2169; x_wconf 92' lang='lat' dir='ltr'><strong>in</strong></span> <span class='ocrx_word' id='word_1_145' title='bbox 534 2127 663 2171; x_wconf 87' lang='lat' dir='ltr'><strong>carcere</strong></span> <span class='ocrx_word' id='word_1_146' title='bbox 693 2106 915 2180; x_wconf 80' lang='lat' dir='ltr'><strong>habitandum,</strong></span> <span class='ocrx_word' id='word_1_147' title='bbox 948 2105 976 2170; x_wconf 86' lang='lat' dir='ltr'><strong>si</strong></span> <span class='ocrx_word' id='word_1_148' title='bbox 1004 2106 1151 2173; x_wconf 87' lang='lat' dir='ltr'><strong>tribunus</strong></span> <span class='ocrx_word' id='word_1_149' title='bbox 1180 2107 1227 2191; x_wconf 89' lang='lat' dir='ltr'><strong>pl.</strong></span> <span class='ocrx_word' id='word_1_150' title='bbox 1258 2107 1349 2171; x_wconf 88' lang='lat' dir='ltr'><strong>duci</strong></span> <span class='ocrx_word' id='word_1_151' title='bbox 1377 2107 1529 2175; x_wconf 85' lang='lat' dir='ltr'><strong>iussisset.</strong></span> <span class='ocrx_word' id='word_1_152' title='bbox 1563 2110 1594 2171; x_wconf 83' lang='lat' dir='ltr'><strong>de</strong></span> <span class='ocrx_word' id='word_1_153' title='bbox 1613 2100 1679 2186; x_wconf 65' lang='lat' dir='ltr'><strong>lep³</strong></span> 
     </span>
     <span class='ocr_line' id='line_1_20' title="bbox 383 2200 1647 2286; baseline -0.002 -23"><span class='ocrx_word' id='word_1_154' title='bbox 383 2221 453 2286; x_wconf 83' lang='lat' dir='ltr'><strong>agr.</strong></span> <span class='ocrx_word' id='word_1_155' title='bbox 478 2201 516 2277; x_wconf 81' lang='lat'><strong>2,</strong></span> <span class='ocrx_word' id='word_1_156' title='bbox 541 2200 598 2277; x_wconf 95' lang='grc'><strong>37,</strong></span> <span class='ocrx_word' id='word_1_157' title='bbox 623 2200 696 2264; x_wconf 90' lang='grc'><strong>101.</strong></span> <span class='ocrx_word' id='word_1_158' title='bbox 1645 2214 1647 2223; x_wconf 78' lang='grc'>’</span> 
     </span>
    </p>

    <p class='ocr_par' dir='ltr' id='par_1_10' title="bbox 464 2288 1651 2382">
     <span class='ocr_line' id='line_1_21' title="bbox 464 2288 1651 2382; baseline -0.003 -24"><span class='ocrx_word' id='word_1_159' title='bbox 464 2294 685 2358; x_wconf 82' lang='lat' dir='ltr'><strong>Duodecim</strong></span> <span class='ocrx_word' id='word_1_160' title='bbox 709 2316 770 2378; x_wconf 92' lang='lat' dir='ltr'><strong>pro</strong></span> <span class='ocrx_word' id='word_1_161' title='bbox 791 2294 956 2359; x_wconf 87' lang='lat' dir='ltr'><strong>duodecim</strong></span> <span class='ocrx_word' id='word_1_162' title='bbox 980 2294 1125 2359; x_wconf 82' lang='lat' dir='ltr'><strong>Tabulis.</strong></span> <span class='ocrx_word' id='word_1_163' title='bbox 1149 2297 1187 2360; x_wconf 85' lang='lat' dir='ltr'><strong>de</strong></span> <span class='ocrx_word' id='word_1_164' title='bbox 1209 2298 1319 2382; x_wconf 82' lang='lat' dir='ltr'><strong>Legg.</strong></span> <span class='ocrx_word' id='word_1_165' title='bbox 1342 2297 1378 2373; x_wconf 89' lang='grc'><strong>2,</strong></span> <span class='ocrx_word' id='word_1_166' title='bbox 1404 2298 1462 2375; x_wconf 85' lang='grc'><strong>21,</strong></span> <span class='ocrx_word' id='word_1_167' title='bbox 1486 2288 1651 2361; x_wconf 68' lang='grc'><strong>61110111</strong></span> 
     </span>
    </p>

    <p class='ocr_par' dir='ltr' id='par_1_11' title="bbox 463 2386 1483 2456">
     <span class='ocr_line' id='line_1_22' title="bbox 463 2386 1483 2456; baseline 0 -1"><span class='ocrx_word' id='word_1_168' title='bbox 463 2386 688 2455; x_wconf 88' lang='lat' dir='ltr'><strong>Duodecim</strong></span> <span class='ocrx_word' id='word_1_169' title='bbox 712 2390 904 2454; x_wconf 69' lang='lat' dir='ltr'><strong>&#39;fabulae</strong></span> <span class='ocrx_word' id='word_1_170' title='bbox 949 2389 1027 2455; x_wconf 88' lang='lat' dir='ltr'><strong>Vid.</strong></span> <span class='ocrx_word' id='word_1_171' title='bbox 1052 2391 1233 2454; x_wconf 79' lang='lat' dir='ltr'><strong>&#39;fabulae</strong></span> <span class='ocrx_word' id='word_1_172' title='bbox 1255 2392 1483 2456; x_wconf 84' lang='lat' dir='ltr'><strong>duodecim.</strong></span> 
     </span>
    </p>

    <p class='ocr_par' dir='ltr' id='par_1_12' title="bbox 465 2483 1252 2561">
     <span class='ocr_line' id='line_1_23' title="bbox 465 2483 1252 2561; baseline 0 -13"><span class='ocrx_word' id='word_1_173' title='bbox 465 2483 722 2548; x_wconf 83' lang='lat' dir='ltr'><strong>Duumvirum</strong></span> <span class='ocrx_word' id='word_1_174' title='bbox 745 2483 952 2547; x_wconf 89' lang='lat' dir='ltr'><strong>iudicium.</strong></span> <span class='ocrx_word' id='word_1_175' title='bbox 977 2484 1073 2548; x_wconf 90' lang='lat' dir='ltr'><strong>Orat.</strong></span> <span class='ocrx_word' id='word_1_176' title='bbox 1097 2485 1153 2561; x_wconf 78' lang='grc'><strong>16,</strong></span> <span class='ocrx_word' id='word_1_177' title='bbox 1179 2486 1252 2548; x_wconf 90' lang='grc'><strong>156.</strong></span> 
     </span>
    </p>

    <p class='ocr_par' dir='ltr' id='par_1_13' title="bbox 380 2573 1651 3134">
     <span class='ocr_line' id='line_1_24' title="bbox 465 2573 1651 2665; baseline -0.004 -22"><span class='ocrx_word' id='word_1_178' title='bbox 465 2580 523 2643; x_wconf 83' lang='lat' dir='ltr'><strong>Ea</strong></span> <span class='ocrx_word' id='word_1_179' title='bbox 544 2600 608 2642; x_wconf 89' lang='lat' dir='ltr'><strong>res</strong></span> <span class='ocrx_word' id='word_1_180' title='bbox 631 2590 787 2663; x_wconf 81' lang='lat' dir='ltr'><strong>agatur.</strong></span> <span class='ocrx_word' id='word_1_181' title='bbox 821 2577 934 2644; x_wconf 88' lang='lat' dir='ltr'><strong>Omnis</strong></span> <span class='ocrx_word' id='word_1_182' title='bbox 948 2577 981 2641; x_wconf 92' lang='lat' dir='ltr'><strong>in</strong></span> <span class='ocrx_word' id='word_1_183' title='bbox 997 2581 1200 2663; x_wconf 86' lang='lat' dir='ltr'><strong>quaerendo,</strong></span> <span class='ocrx_word' id='word_1_184' title='bbox 1224 2600 1305 2664; x_wconf 83' lang='lat' dir='ltr'><strong>quae</strong></span> <span class='ocrx_word' id='word_1_185' title='bbox 1323 2578 1373 2644; x_wconf 82' lang='lat' dir='ltr'><strong>via</strong></span> <span class='ocrx_word' id='word_1_186' title='bbox 1389 2583 1521 2665; x_wconf 84' lang='lat' dir='ltr'><strong>quadam</strong></span> <span class='ocrx_word' id='word_1_187' title='bbox 1535 2589 1564 2643; x_wconf 91' lang='lat' dir='ltr'><strong>et</strong></span> <span class='ocrx_word' id='word_1_188' title='bbox 1574 2573 1651 2641; x_wconf 77' lang='lat' dir='ltr'><strong>ratioet</strong></span> 
     </span>
     <span class='ocr_line' id='line_1_25' title="bbox 381 2667 1651 2758; baseline -0.007 -21"><span class='ocrx_word' id='word_1_189' title='bbox 381 2676 516 2737; x_wconf 88' lang='lat' dir='ltr'><strong>habetur</strong></span> <span class='ocrx_word' id='word_1_190' title='bbox 537 2673 661 2751; x_wconf 87' lang='lat' dir='ltr'><strong>oratio,</strong></span> <span class='ocrx_word' id='word_1_191' title='bbox 691 2672 982 2756; x_wconf 76' lang='lat' dir='ltr'><strong>praescribere</strong></span> <span class='ocrx_word' id='word_1_192' title='bbox 1004 2672 1138 2756; x_wconf 90' lang='lat' dir='ltr'><strong>primum</strong></span> <span class='ocrx_word' id='word_1_193' title='bbox 1164 2674 1276 2748; x_wconf 86' lang='lat' dir='ltr'><strong>debet,</strong></span> <span class='ocrx_word' id='word_1_194' title='bbox 1313 2684 1348 2736; x_wconf 93' lang='grc' dir='ltr'><strong>ιιι</strong></span> <span class='ocrx_word' id='word_1_195' title='bbox 1371 2676 1552 2758; x_wconf 87' lang='lat' dir='ltr'><strong>quibusdam</strong></span> <span class='ocrx_word' id='word_1_196' title='bbox 1569 2671 1594 2733; x_wconf 91' lang='lat' dir='ltr'><strong>in</strong></span> <span class='ocrx_word' id='word_1_197' title='bbox 1613 2667 1651 2730; x_wconf 84' lang='lat' dir='ltr'><strong>lu·</strong></span> 
     </span>
     <span class='ocr_line' id='line_1_26' title="bbox 381 2756 1651 2853; baseline -0.003 -22"><span class='ocrx_word' id='word_1_198' title='bbox 381 2767 474 2831; x_wconf 88' lang='lat' dir='ltr'><strong>mulis</strong></span> <span class='ocrx_word' id='word_1_199' title='bbox 497 2787 539 2831; x_wconf 88' lang='lat' dir='ltr'><strong>ea</strong></span> <span class='ocrx_word' id='word_1_200' title='bbox 562 2786 624 2830; x_wconf 85' lang='lat' dir='ltr'><strong>res</strong></span> <span class='ocrx_word' id='word_1_201' title='bbox 655 2778 819 2853; x_wconf 82' lang='lat' dir='ltr'><strong>agatur,</strong></span> <span class='ocrx_word' id='word_1_202' title='bbox 853 2778 888 2829; x_wconf 92' lang='grc' dir='ltr'><strong>ιιι</strong></span> <span class='ocrx_word' id='word_1_203' title='bbox 912 2766 996 2830; x_wconf 90' lang='lat' dir='ltr'><strong>inter</strong></span> <span class='ocrx_word' id='word_1_204' title='bbox 1025 2789 1107 2850; x_wconf 83' lang='lat' dir='ltr'><strong>qtros</strong></span> <span class='ocrx_word' id='word_1_205' title='bbox 1133 2766 1313 2846; x_wconf 73' lang='lat' dir='ltr'><strong>disseritur,</strong></span> <span class='ocrx_word' id='word_1_206' title='bbox 1351 2767 1536 2845; x_wconf 85' lang='lat' dir='ltr'><strong>conveniat,</strong></span> <span class='ocrx_word' id='word_1_207' title='bbox 1561 2756 1651 2851; x_wconf 78' lang='lat' dir='ltr'><strong>quidsi</strong></span> 
     </span>
     <span class='ocr_line' id='line_1_27' title="bbox 380 2852 1650 2944; baseline -0.002 -19"><span class='ocrx_word' id='word_1_208' title='bbox 380 2862 430 2937; x_wconf 90' lang='lat' dir='ltr'><strong>id,</strong></span> <span class='ocrx_word' id='word_1_209' title='bbox 462 2864 501 2926; x_wconf 90' lang='lat' dir='ltr'><strong>de</strong></span> <span class='ocrx_word' id='word_1_210' title='bbox 530 2882 595 2944; x_wconf 87' lang='lat' dir='ltr'><strong>quo</strong></span> <span class='ocrx_word' id='word_1_211' title='bbox 622 2863 805 2925; x_wconf 86' lang='lat' dir='ltr'><strong>disseratur.</strong></span> <span class='ocrx_word' id='word_1_212' title='bbox 844 2863 883 2925; x_wconf 90' lang='lat' dir='ltr'><strong>dc</strong></span> <span class='ocrx_word' id='word_1_213' title='bbox 905 2861 999 2925; x_wconf 87' lang='lat' dir='ltr'><strong>Finn.</strong></span> <span class='ocrx_word' id='word_1_214' title='bbox 1022 2862 1060 2938; x_wconf 91' lang='grc'><strong>2,</strong></span> <span class='ocrx_word' id='word_1_215' title='bbox 1088 2865 1123 2938; x_wconf 91' lang='grc'><strong>1,</strong></span> <span class='ocrx_word' id='word_1_216' title='bbox 1148 2852 1353 2929; x_wconf 82' lang='lat' dir='ltr'><strong>3.-·Gaius</strong></span> <span class='ocrx_word' id='word_1_217' title='bbox 1377 2864 1410 2927; x_wconf 81' lang='grc'><strong>1.</strong></span> <span class='ocrx_word' id='word_1_218' title='bbox 1434 2869 1465 2941; x_wconf 83' lang='lat'><strong>§.</strong></span> <span class='ocrx_word' id='word_1_219' title='bbox 1490 2863 1557 2926; x_wconf 88' lang='grc'><strong>131.</strong></span> <span class='ocrx_word' id='word_1_220' title='bbox 1592 2857 1650 2920; x_wconf 80' lang='lat' dir='ltr'><strong>Sin</strong></span> 
     </span>
     <span class='ocr_line' id='line_1_28' title="bbox 382 2954 1650 3039; baseline -0.002 -21"><span class='ocrx_word' id='word_1_221' title='bbox 382 2968 490 3038; x_wconf 90' lang='lat' dir='ltr'><strong>empto</strong></span> <span class='ocrx_word' id='word_1_222' title='bbox 517 2975 663 3039; x_wconf 82' lang='lat' dir='ltr'><strong>agamus,</strong></span> <span class='ocrx_word' id='word_1_223' title='bbox 698 2967 733 3016; x_wconf 90' lang='lat' dir='ltr'><strong>ut</strong></span> <span class='ocrx_word' id='word_1_224' title='bbox 761 2955 853 3019; x_wconf 91' lang='lat' dir='ltr'><strong>nobis</strong></span> <span class='ocrx_word' id='word_1_225' title='bbox 881 2955 999 3019; x_wconf 83' lang='lat' dir='ltr'><strong>fundus</strong></span> <span class='ocrx_word' id='word_1_226' title='bbox 1025 2956 1182 3039; x_wconf 84' lang='lat' dir='ltr'><strong>anancipio</strong></span> <span class='ocrx_word' id='word_1_227' title='bbox 1207 2959 1318 3033; x_wconf 88' lang='lat' dir='ltr'><strong>detur,</strong></span> <span class='ocrx_word' id='word_1_228' title='bbox 1348 2954 1500 3021; x_wconf 84' lang='lat' dir='ltr'><strong>debemur</strong></span> <span class='ocrx_word' id='word_1_229' title='bbox 1526 2955 1562 3018; x_wconf 89' lang='lat' dir='ltr'><strong>ita</strong></span> <span class='ocrx_word' id='word_1_230' title='bbox 1583 2964 1650 3034; x_wconf 75' lang='lat' dir='ltr'><strong>pter</strong></span> 
     </span>
     <span class='ocr_line' id='line_1_29' title="bbox 381 3048 1442 3134; baseline 0.002 -20"><span class='ocrx_word' id='word_1_231' title='bbox 381 3050 583 3114; x_wconf 83' lang='lat' dir='ltr'><strong>scribere:</strong></span> <span class='ocrx_word' id='word_1_232' title='bbox 623 3048 676 3112; x_wconf 84' lang='lat' dir='ltr'><strong>Ea</strong></span> <span class='ocrx_word' id='word_1_233' title='bbox 698 3069 763 3112; x_wconf 84' lang='lat' dir='ltr'><strong>res</strong></span> <span class='ocrx_word' id='word_1_234' title='bbox 785 3065 927 3134; x_wconf 80' lang='lat' dir='ltr'><strong>agatur</strong></span> <span class='ocrx_word' id='word_1_235' title='bbox 948 3053 993 3113; x_wconf 87' lang='lat' dir='ltr'><strong>dc</strong></span> <span class='ocrx_word' id='word_1_236' title='bbox 1014 3049 1141 3114; x_wconf 75' lang='lat' dir='ltr'><strong>[trudo</strong></span> <span class='ocrx_word' id='word_1_237' title='bbox 1164 3049 1442 3134; x_wconf 82' lang='lat' dir='ltr'><strong>mancipando.</strong></span> 
     </span>
    </p>

    <p class='ocr_par' dir='ltr' id='par_1_14' title="bbox 382 3140 1643 3313">
     <span class='ocr_line' id='line_1_30' title="bbox 465 3140 1643 3230; baseline -0.001 -24"><span class='ocrx_word' id='word_1_238' title='bbox 465 3143 658 3221; x_wconf 79' lang='lat' dir='ltr'><strong>Eculeus.</strong></span> <span class='ocrx_word' id='word_1_239' title='bbox 704 3142 796 3209; x_wconf 83' lang='lat' dir='ltr'><strong>Facti</strong></span> <span class='ocrx_word' id='word_1_240' title='bbox 817 3145 855 3206; x_wconf 88' lang='lat' dir='ltr'><strong>in</strong></span> <span class='ocrx_word' id='word_1_241' title='bbox 877 3145 1022 3209; x_wconf 87' lang='lat' dir='ltr'><strong>eculeo</strong></span> <span class='ocrx_word' id='word_1_242' title='bbox 1044 3143 1190 3230; x_wconf 84' lang='lat' dir='ltr'><strong>quaestio</strong></span> <span class='ocrx_word' id='word_1_243' title='bbox 1214 3155 1282 3220; x_wconf 88' lang='lat' dir='ltr'><strong>est,</strong></span> <span class='ocrx_word' id='word_1_244' title='bbox 1311 3143 1389 3209; x_wconf 86' lang='lat' dir='ltr'><strong>iuris</strong></span> <span class='ocrx_word' id='word_1_245' title='bbox 1417 3145 1449 3209; x_wconf 92' lang='lat' dir='ltr'><strong>in</strong></span> <span class='ocrx_word' id='word_1_246' title='bbox 1476 3140 1592 3208; x_wconf 89' lang='lat' dir='ltr'><strong>iudicio.</strong></span> <span class='ocrx_word' id='word_1_247' title='bbox 1613 3148 1643 3216; x_wconf 71' lang='grc'><strong>10</strong></span> 
     </span>
     <span class='ocr_line' id='line_1_31' title="bbox 382 3236 620 3313; baseline -0.004 -11"><span class='ocrx_word' id='word_1_248' title='bbox 382 3236 459 3302; x_wconf 89' lang='lat' dir='ltr'><strong>Mil.</strong></span> <span class='ocrx_word' id='word_1_249' title='bbox 484 3237 542 3313; x_wconf 91' lang='grc'><strong>21,</strong></span> <span class='ocrx_word' id='word_1_250' title='bbox 567 3238 620 3301; x_wconf 86' lang='grc'><strong>57.</strong></span> 
     </span>
    </p>
   </div>
   <div class='ocr_carea' id='block_1_3' title="bbox 467 3329 1284 3414">
    <p class='ocr_par' dir='ltr' id='par_1_15' title="bbox 467 3329 1284 3414">
     <span class='ocr_line' id='line_1_32' title="bbox 467 3329 1284 3414; baseline 0.002 -19"><span class='ocrx_word' id='word_1_251' title='bbox 467 3334 598 3395; x_wconf 88' lang='lat' dir='ltr'><strong>Edere</strong></span> <span class='ocrx_word' id='word_1_252' title='bbox 622 3330 758 3394; x_wconf 85' lang='lat' dir='ltr'><strong>tribua</strong></span> <span class='ocrx_word' id='word_1_253' title='bbox 787 3352 869 3395; x_wconf 82' lang='lat' dir='ltr'><strong>reo.</strong></span> <span class='ocrx_word' id='word_1_254' title='bbox 901 3351 964 3414; x_wconf 83' lang='lat' dir='ltr'><strong>pro</strong></span> <span class='ocrx_word' id='word_1_255' title='bbox 988 3329 1122 3409; x_wconf 79' lang='lat' dir='ltr'><strong>Plancio</strong></span> <span class='ocrx_word' id='word_1_256' title='bbox 1147 3331 1206 3410; x_wconf 89' lang='grc'><strong>15,</strong></span> <span class='ocrx_word' id='word_1_257' title='bbox 1230 3332 1284 3397; x_wconf 87' lang='grc'><strong>37.</strong></span> 
     </span>
    </p>
   </div>
   <div class='ocr_carea' id='block_1_4' title="bbox 264 3406 1040 3503">
    <p class='ocr_par' dir='ltr' id='par_1_16' title="bbox 264 3406 1040 3503">
     <span class='ocr_line' id='line_1_33' title="bbox 264 3406 1040 3503; baseline -0.001 -14"><span class='ocrx_word' id='word_1_258' title='bbox 264 3406 271 3419; x_wconf 59' lang='grc'><strong><em>’</em></strong></span> <span class='ocrx_word' id='word_1_259' title='bbox 347 3498 350 3503; x_wconf 47' lang='grc'><strong>,</strong></span> <span class='ocrx_word' id='word_1_260' title='bbox 468 3425 778 3493; x_wconf 78' lang='lat' dir='ltr'><strong>Edieerediem·</strong></span> <span class='ocrx_word' id='word_1_261' title='bbox 823 3425 1040 3490; x_wconf 88' lang='lat' dir='ltr'><strong>VideDies.</strong></span> 
     </span>
    </p>
   </div>
   <div class='ocr_carea' id='block_1_5' title="bbox 375 3504 1677 4824">
    <p class='ocr_par' dir='ltr' id='par_1_17' title="bbox 383 3504 1644 3695">
     <span class='ocr_line' id='line_1_34' title="bbox 404 3504 1644 3603; baseline -0.005 -18"><span class='ocrx_word' id='word_1_262' title='bbox 404 3576 407 3585; x_wconf 91' lang='lat'><strong>.</strong></span> <span class='ocrx_word' id='word_1_263' title='bbox 469 3520 652 3584; x_wconf 87' lang='lat' dir='ltr'><strong>Edictum</strong></span> <span class='ocrx_word' id='word_1_264' title='bbox 676 3518 899 3584; x_wconf 80' lang='lat' dir='ltr'><strong>Asiaticum</strong></span> <span class='ocrx_word' id='word_1_265' title='bbox 930 3521 974 3601; x_wconf 81' lang='lat' dir='ltr'><strong>Q.</strong></span> <span class='ocrx_word' id='word_1_266' title='bbox 1000 3518 1190 3584; x_wconf 83' lang='lat' dir='ltr'><strong>Ciceronis:</strong></span> <span class='ocrx_word' id='word_1_267' title='bbox 1234 3540 1280 3586; x_wconf 91' lang='lat' dir='ltr'><strong>ne</strong></span> <span class='ocrx_word' id='word_1_268' title='bbox 1308 3504 1644 3603; x_wconf 68' lang='lat' dir='ltr'><strong>adludos-pecutitt</strong></span> 
     </span>
     <span class='ocr_line' id='line_1_35' title="bbox 383 3614 1199 3695; baseline 0.002 -18"><span class='ocrx_word' id='word_1_269' title='bbox 383 3617 721 3678; x_wconf 80' lang='lat' dir='ltr'><strong>decernerentur.</strong></span> <span class='ocrx_word' id='word_1_270' title='bbox 745 3616 785 3677; x_wconf 87' lang='lat' dir='ltr'><strong>ad</strong></span> <span class='ocrx_word' id='word_1_271' title='bbox 808 3615 850 3695; x_wconf 89' lang='lat' dir='ltr'><strong>Q.</strong></span> <span class='ocrx_word' id='word_1_272' title='bbox 875 3614 933 3678; x_wconf 89' lang='lat' dir='ltr'><strong>Fr.</strong></span> <span class='ocrx_word' id='word_1_273' title='bbox 959 3619 996 3692; x_wconf 84' lang='lat'><strong>1,</strong></span> <span class='ocrx_word' id='word_1_274' title='bbox 1021 3618 1059 3691; x_wconf 91' lang='grc'><strong>1,</strong></span> <span class='ocrx_word' id='word_1_275' title='bbox 1083 3614 1121 3692; x_wconf 82' lang='grc'><strong>9,</strong></span> <span class='ocrx_word' id='word_1_276' title='bbox 1146 3616 1199 3679; x_wconf 89' lang='grc'><strong>26.</strong></span> 
     </span>
    </p>

    <p class='ocr_par' dir='ltr' id='par_1_18' title="bbox 382 3690 1677 4076">
     <span class='ocr_line' id='line_1_36' title="bbox 467 3690 1649 3794; baseline -0.003 -22"><span class='ocrx_word' id='word_1_277' title='bbox 467 3709 653 3773; x_wconf 89' lang='lat' dir='ltr'><strong>Edictum</strong></span> <span class='ocrx_word' id='word_1_278' title='bbox 674 3708 898 3773; x_wconf 89' lang='lat' dir='ltr'><strong>Asiaticum</strong></span> <span class='ocrx_word' id='word_1_279' title='bbox 921 3709 966 3789; x_wconf 84' lang='lat' dir='ltr'><strong>Q.</strong></span> <span class='ocrx_word' id='word_1_280' title='bbox 990 3708 1106 3773; x_wconf 90' lang='lat' dir='ltr'><strong>Mucii.</strong></span> <span class='ocrx_word' id='word_1_281' title='bbox 1151 3712 1226 3794; x_wconf 86' lang='lat' dir='ltr'><strong>Ego</strong></span> <span class='ocrx_word' id='word_1_282' title='bbox 1244 3711 1347 3775; x_wconf 85' lang='lat' dir='ltr'><strong>habeo</strong></span> <span class='ocrx_word' id='word_1_283' title='bbox 1364 3706 1572 3794; x_wconf 74' lang='lat' dir='ltr'><strong>exceptionem</strong></span> <span class='ocrx_word' id='word_1_284' title='bbox 1588 3690 1649 3768; x_wconf 70' lang='lat' dir='ltr'><strong>exii·</strong></span> 
     </span>
     <span class='ocr_line' id='line_1_37' title="bbox 383 3789 1677 3895; baseline -0.004 -27"><span class='ocrx_word' id='word_1_285' title='bbox 383 3801 488 3869; x_wconf 82' lang='lat' dir='ltr'><strong>Mucii</strong></span> <span class='ocrx_word' id='word_1_286' title='bbox 521 3805 563 3873; x_wconf 86' lang='lat' dir='ltr'><strong>P.</strong></span> <span class='ocrx_word' id='word_1_287' title='bbox 598 3804 638 3866; x_wconf 89' lang='lat' dir='ltr'><strong>F.</strong></span> <span class='ocrx_word' id='word_1_288' title='bbox 675 3801 780 3868; x_wconf 88' lang='lat' dir='ltr'><strong>edicto</strong></span> <span class='ocrx_word' id='word_1_289' title='bbox 815 3803 980 3868; x_wconf 83' lang='lat' dir='ltr'><strong>Asiatico:</strong></span> <span class='ocrx_word' id='word_1_290' title='bbox 1017 3803 1149 3866; x_wconf 84' lang='lat' dir='ltr'><strong>Extra</strong></span> <span class='ocrx_word' id='word_1_291' title='bbox 1192 3823 1303 3887; x_wconf 82' lang='lat' dir='ltr'><strong>qtrarn</strong></span> <span class='ocrx_word' id='word_1_292' title='bbox 1341 3806 1377 3869; x_wconf 89' lang='lat' dir='ltr'><strong>si</strong></span> <span class='ocrx_word' id='word_1_293' title='bbox 1412 3805 1467 3870; x_wconf 90' lang='lat' dir='ltr'><strong>ita</strong></span> <span class='ocrx_word' id='word_1_294' title='bbox 1502 3789 1677 3895; x_wconf 55' lang='lat' dir='ltr'><strong>negotistl</strong></span> 
     </span>
     <span class='ocr_line' id='line_1_38' title="bbox 382 3882 1676 3982; baseline -0.001 -22"><span class='ocrx_word' id='word_1_295' title='bbox 382 3907 542 3981; x_wconf 82' lang='lat' dir='ltr'><strong>gestum</strong></span> <span class='ocrx_word' id='word_1_296' title='bbox 566 3910 642 3975; x_wconf 86' lang='lat' dir='ltr'><strong>est,</strong></span> <span class='ocrx_word' id='word_1_297' title='bbox 668 3909 707 3961; x_wconf 91' lang='lat' dir='ltr'><strong>ut</strong></span> <span class='ocrx_word' id='word_1_298' title='bbox 729 3919 775 3961; x_wconf 90' lang='lat' dir='ltr'><strong>eo</strong></span> <span class='ocrx_word' id='word_1_299' title='bbox 797 3897 899 3963; x_wconf 84' lang='lat' dir='ltr'><strong>stari</strong></span> <span class='ocrx_word' id='word_1_300' title='bbox 922 3919 997 3962; x_wconf 89' lang='lat' dir='ltr'><strong>non</strong></span> <span class='ocrx_word' id='word_1_301' title='bbox 1020 3909 1218 3982; x_wconf 82' lang='lat' dir='ltr'><strong>oporteat</strong></span> <span class='ocrx_word' id='word_1_302' title='bbox 1245 3919 1294 3962; x_wconf 84' lang='lat' dir='ltr'><strong>ex</strong></span> <span class='ocrx_word' id='word_1_303' title='bbox 1320 3898 1403 3963; x_wconf 87' lang='lat' dir='ltr'><strong>lide</strong></span> <span class='ocrx_word' id='word_1_304' title='bbox 1426 3901 1536 3965; x_wconf 86' lang='lat' dir='ltr'><strong>bona.</strong></span> <span class='ocrx_word' id='word_1_305' title='bbox 1565 3882 1676 3954; x_wconf 61' lang='grc'><strong>116111</strong></span> 
     </span>
     <span class='ocr_line' id='line_1_39' title="bbox 383 3992 1654 4076; baseline 0.002 -21"><span class='ocrx_word' id='word_1_306' title='bbox 383 3992 488 4069; x_wconf 89' lang='grc'><strong>6,1,</strong></span> <span class='ocrx_word' id='word_1_307' title='bbox 515 3993 567 4056; x_wconf 87' lang='grc'><strong>15.</strong></span> <span class='ocrx_word' id='word_1_308' title='bbox 1633 4056 1654 4076; x_wconf 55' lang='lat'><strong>‚,</strong></span> 
     </span>
    </p>

    <p class='ocr_par' dir='ltr' id='par_1_19' title="bbox 383 4068 1654 4267">
     <span class='ocr_line' id='line_1_40' title="bbox 466 4068 1654 4172; baseline -0.003 -22"><span class='ocrx_word' id='word_1_309' title='bbox 466 4086 650 4151; x_wconf 87' lang='lat' dir='ltr'><strong>Edictum</strong></span> <span class='ocrx_word' id='word_1_310' title='bbox 673 4085 840 4172; x_wconf 84' lang='lat' dir='ltr'><strong>collegii</strong></span> <span class='ocrx_word' id='word_1_311' title='bbox 862 4085 1141 4153; x_wconf 76' lang='lat' dir='ltr'><strong>tribunoruma</strong></span> <span class='ocrx_word' id='word_1_312' title='bbox 1165 4087 1241 4151; x_wconf 86' lang='lat' dir='ltr'><strong>Non</strong></span> <span class='ocrx_word' id='word_1_313' title='bbox 1266 4086 1366 4161; x_wconf 82' lang='lat' dir='ltr'><strong>videri</strong></span> <span class='ocrx_word' id='word_1_314' title='bbox 1381 4085 1538 4152; x_wconf 88' lang='lat' dir='ltr'><strong>Sthenium</strong></span> <span class='ocrx_word' id='word_1_315' title='bbox 1555 4068 1654 4156; x_wconf 68' lang='grc'><strong>1001111</strong></span> 
     </span>
     <span class='ocr_line' id='line_1_41' title="bbox 383 4157 1653 4267; baseline 0.004 -25"><span class='ocrx_word' id='word_1_316' title='bbox 383 4179 538 4257; x_wconf 90' lang='lat' dir='ltr'><strong>edicto,</strong></span> <span class='ocrx_word' id='word_1_317' title='bbox 556 4203 636 4267; x_wconf 89' lang='lat' dir='ltr'><strong>quo</strong></span> <span class='ocrx_word' id='word_1_318' title='bbox 652 4182 782 4244; x_wconf 86' lang='lat' dir='ltr'><strong>minus</strong></span> <span class='ocrx_word' id='word_1_319' title='bbox 798 4180 1156 4246; x_wconf 82' lang='lat' dir='ltr'><strong>eiliceretRomae</strong></span> <span class='ocrx_word' id='word_1_320' title='bbox 1172 4203 1276 4248; x_wconf 87' lang='lat' dir='ltr'><strong>esse.</strong></span> <span class='ocrx_word' id='word_1_321' title='bbox 1299 4186 1494 4253; x_wconf 70' lang='lat' dir='ltr'><strong>Vernrtec.</strong></span> <span class='ocrx_word' id='word_1_322' title='bbox 1510 4157 1653 4254; x_wconf 60' lang='grc'><strong>2111101·</strong></span> 
     </span>
    </p>

    <p class='ocr_par' dir='ltr' id='par_1_20' title="bbox 467 4273 1493 4361">
     <span class='ocr_line' id='line_1_42' title="bbox 467 4273 1493 4361; baseline 0.001 -25"><span class='ocrx_word' id='word_1_323' title='bbox 467 4274 657 4339; x_wconf 87' lang='lat' dir='ltr'><strong>Edictum</strong></span> <span class='ocrx_word' id='word_1_324' title='bbox 680 4275 911 4361; x_wconf 84' lang='lat' dir='ltr'><strong>Praetoris.</strong></span> <span class='ocrx_word' id='word_1_325' title='bbox 955 4273 1035 4338; x_wconf 85' lang='lat' dir='ltr'><strong>Vid.</strong></span> <span class='ocrx_word' id='word_1_326' title='bbox 1058 4276 1272 4341; x_wconf 86' lang='lat' dir='ltr'><strong>Praetoris</strong></span> <span class='ocrx_word' id='word_1_327' title='bbox 1294 4276 1493 4342; x_wconf 87' lang='lat' dir='ltr'><strong>Edictum.</strong></span> 
     </span>
    </p>

    <p class='ocr_par' dir='ltr' id='par_1_21' title="bbox 466 4367 1538 4451">
     <span class='ocr_line' id='line_1_43' title="bbox 466 4367 1538 4451; baseline 0.001 -20"><span class='ocrx_word' id='word_1_328' title='bbox 466 4369 656 4432; x_wconf 89' lang='lat' dir='ltr'><strong>Edictum</strong></span> <span class='ocrx_word' id='word_1_329' title='bbox 680 4368 930 4433; x_wconf 85' lang='lat' dir='ltr'><strong>tralaticium</strong></span> <span class='ocrx_word' id='word_1_330' title='bbox 953 4370 1168 4451; x_wconf 86' lang='lat' dir='ltr'><strong>proconsulis.</strong></span> <span class='ocrx_word' id='word_1_331' title='bbox 1191 4374 1230 4435; x_wconf 92' lang='lat' dir='ltr'><strong>ad</strong></span> <span class='ocrx_word' id='word_1_332' title='bbox 1253 4373 1324 4436; x_wconf 84' lang='grc' dir='ltr'>Αιι.</span> <span class='ocrx_word' id='word_1_333' title='bbox 1348 4372 1387 4449; x_wconf 90' lang='grc'><strong>5,</strong></span> <span class='ocrx_word' id='word_1_334' title='bbox 1412 4372 1469 4447; x_wconf 90' lang='grc'><strong>21,</strong></span> <span class='ocrx_word' id='word_1_335' title='bbox 1494 4367 1538 4432; x_wconf 82' lang='grc'><strong>11.</strong></span> 
     </span>
    </p>

    <p class='ocr_par' dir='ltr' id='par_1_22' title="bbox 470 4462 1479 4547">
     <span class='ocr_line' id='line_1_44' title="bbox 470 4462 1479 4547; baseline 0.001 -22"><span class='ocrx_word' id='word_1_336' title='bbox 470 4462 656 4528; x_wconf 90' lang='lat' dir='ltr'><strong>Edictum</strong></span> <span class='ocrx_word' id='word_1_337' title='bbox 679 4465 883 4526; x_wconf 85' lang='lat' dir='ltr'><strong>urbanum.</strong></span> <span class='ocrx_word' id='word_1_338' title='bbox 927 4462 1004 4526; x_wconf 89' lang='lat' dir='ltr'><strong>Vid.</strong></span> <span class='ocrx_word' id='word_1_339' title='bbox 1033 4464 1249 4529; x_wconf 90' lang='lat' dir='ltr'><strong>Praetoris</strong></span> <span class='ocrx_word' id='word_1_340' title='bbox 1278 4465 1479 4547; x_wconf 78' lang='lat' dir='ltr'><strong>Edictum.</strong></span> 
     </span>
    </p>

    <p class='ocr_par' dir='ltr' id='par_1_23' title="bbox 468 4556 1631 4640">
     <span class='ocr_line' id='line_1_45' title="bbox 468 4556 1631 4640; baseline 0.002 -21"><span class='ocrx_word' id='word_1_341' title='bbox 468 4556 606 4621; x_wconf 84' lang='lat' dir='ltr'><strong>Editio</strong></span> <span class='ocrx_word' id='word_1_342' title='bbox 628 4556 812 4623; x_wconf 88' lang='lat' dir='ltr'><strong>iudicum.</strong></span> <span class='ocrx_word' id='word_1_343' title='bbox 833 4577 894 4639; x_wconf 92' lang='lat' dir='ltr'><strong>pro</strong></span> <span class='ocrx_word' id='word_1_344' title='bbox 919 4556 1053 4621; x_wconf 90' lang='lat' dir='ltr'><strong>Plancio</strong></span> <span class='ocrx_word' id='word_1_345' title='bbox 1077 4558 1135 4635; x_wconf 87' lang='grc'><strong>15,</strong></span> <span class='ocrx_word' id='word_1_346' title='bbox 1159 4558 1213 4622; x_wconf 90' lang='grc'><strong>36.</strong></span> <span class='ocrx_word' id='word_1_347' title='bbox 1627 4627 1631 4640; x_wconf 56' lang='grc'><strong>,</strong></span> 
     </span>
    </p>

    <p class='ocr_par' dir='ltr' id='par_1_24' title="bbox 375 4625 1651 4824">
     <span class='ocr_line' id='line_1_46' title="bbox 375 4625 1651 4731; baseline 0 -16"><span class='ocrx_word' id='word_1_348' title='bbox 375 4710 388 4715; x_wconf 88' lang='grc'><strong>-</strong></span> <span class='ocrx_word' id='word_1_349' title='bbox 470 4652 652 4714; x_wconf 89' lang='lat' dir='ltr'><strong>Educere</strong></span> <span class='ocrx_word' id='word_1_350' title='bbox 685 4651 730 4731; x_wconf 87' lang='lat' dir='ltr'><strong>(in</strong></span> <span class='ocrx_word' id='word_1_351' title='bbox 762 4650 811 4715; x_wconf 87' lang='lat' dir='ltr'><strong>ius</strong></span> <span class='ocrx_word' id='word_1_352' title='bbox 844 4655 989 4731; x_wconf 81' lang='lat' dir='ltr'><strong>vocare).</strong></span> <span class='ocrx_word' id='word_1_353' title='bbox 1049 4652 1149 4716; x_wconf 86' lang='lat' dir='ltr'><strong>Verr.</strong></span> <span class='ocrx_word' id='word_1_354' title='bbox 1186 4654 1306 4722; x_wconf 80' lang='lat' dir='ltr'><strong>Accua.</strong></span> <span class='ocrx_word' id='word_1_355' title='bbox 1343 4653 1379 4731; x_wconf 85' lang='grc'><strong>2,</strong></span> <span class='ocrx_word' id='word_1_356' title='bbox 1414 4652 1472 4731; x_wconf 92' lang='grc'><strong>26,</strong></span> <span class='ocrx_word' id='word_1_357' title='bbox 1508 4645 1555 4710; x_wconf 74' lang='grc'><strong>63·</strong></span> <span class='ocrx_word' id='word_1_358' title='bbox 1597 4625 1651 4698; x_wconf 67' lang='grc' dir='ltr'><strong>[ν’</strong></span> 
     </span>
     <span class='ocr_line' id='line_1_47' title="bbox 385 4746 562 4824; baseline -0.011 -15"><span class='ocrx_word' id='word_1_359' title='bbox 385 4746 445 4824; x_wconf 92' lang='grc'><strong>37,</strong></span> <span class='ocrx_word' id='word_1_360' title='bbox 477 4746 530 4807; x_wconf 82' lang='grc'><strong>90.</strong></span> <span class='ocrx_word' id='word_1_361' title='bbox 557 4802 562 4807; x_wconf 86' lang='grc'><strong>.</strong></span> 
     </span>
    </p>
   </div>
   <div class='ocr_carea' id='block_1_6' title="bbox 470 4838 1315 4924">
    <p class='ocr_par' dir='ltr' id='par_1_25' title="bbox 470 4838 1315 4924">
     <span class='ocr_line' id='line_1_48' title="bbox 470 4838 1315 4924; baseline 0 -19"><span class='ocrx_word' id='word_1_362' title='bbox 470 4840 656 4905; x_wconf 89' lang='lat' dir='ltr'><strong>Educere</strong></span> <span class='ocrx_word' id='word_1_363' title='bbox 679 4841 718 4903; x_wconf 84' lang='lat' dir='ltr'><strong>ad</strong></span> <span class='ocrx_word' id='word_1_364' title='bbox 740 4839 900 4906; x_wconf 90' lang='lat' dir='ltr'><strong>consules.</strong></span> <span class='ocrx_word' id='word_1_365' title='bbox 937 4858 999 4924; x_wconf 90' lang='lat' dir='ltr'><strong>pro</strong></span> <span class='ocrx_word' id='word_1_366' title='bbox 1021 4838 1155 4905; x_wconf 88' lang='lat' dir='ltr'><strong>Plancio</strong></span> <span class='ocrx_word' id='word_1_367' title='bbox 1178 4839 1237 4918; x_wconf 93' lang='grc'><strong>23,</strong></span> <span class='ocrx_word' id='word_1_368' title='bbox 1262 4842 1315 4905; x_wconf 89' lang='grc'><strong>55.</strong></span> 
     </span>
    </p>
   </div>
   <div class='ocr_carea' id='block_1_7' title="bbox 0 0 1757 5586">
    <p class='ocr_par' dir='ltr' id='par_1_26' title="bbox 0 0 1757 5586">
     <span class='ocr_line' id='line_1_49' title="bbox 0 0 1757 5586; baseline 0 0"><span class='ocrx_word' id='word_1_369' title='bbox 0 0 1757 5586; x_wconf 95' lang='lat' dir='ltr'><strong> </strong></span> 
     </span>
    </p>
   </div>
  </div>
 </body>
</html>
